Sr. No.,Value date,Transaction Date,Cheque Number,Transacting Remarks,Withdrawal Amount,Deposit Amount,Balance
1,2020-01-01,2020-01-01 22:17,,Groceries - Online Delivery,130.50,0.00,14869.50
2,2020-01-02,2020-01-02 23:39,,Coffee Shop,22.46,0.00,14847.04
3,2020-01-02,2020-01-02 15:38,,Rental Income,0.00,3835.49,18682.53
4,2020-01-03,2020-01-03 06:40,,Dining - Fine Dining,817.62,0.00,17864.91
5,2020-01-03,2020-01-03 20:51,,Dining - Fine Dining,572.47,0.00,17292.44
6,2020-01-03,2020-01-03 21:49,,Salary - Regular,0.00,5459.66,22752.10
7,2020-01-04,2020-01-04 21:45,,Dining - Fine Dining,979.83,0.00,21772.27
8,2020-01-04,2020-01-04 19:19,,Cashback,0.00,105.14,21877.41
9,2020-01-05,2020-01-05 20:08,,Entertainment - Concerts,984.58,0.00,20892.83
10,2020-01-06,2020-01-06 12:10,,Cashback,0.00,263.17,21156.00
11,2020-01-06,2020-01-06 23:57,,Groceries - Supermarket,169.71,0.00,20986.29
12,2020-01-06,2020-01-06 08:48,,Salary - Bonus,0.00,24300.86,45287.15
13,2020-01-08,2020-01-08 18:44,,Dining - Fine Dining,511.78,0.00,44775.37
14,2020-01-08,2020-01-08 08:32,,Freelance Income,0.00,2429.71,47205.08
15,2020-01-08,2020-01-08 19:12,,Fuel,29.31,0.00,47175.77
16,2020-01-09,2020-01-09 16:42,,Dining - Casual Restaurant,55.67,0.00,47120.10
17,2020-01-09,2020-01-09 06:13,,Salary - Regular,0.00,3549.58,50669.68
18,2020-01-10,2020-01-10 06:47,,Investment Returns - Stocks,0.00,3692.59,54362.27
19,2020-01-10,2020-01-10 04:29,,Groceries - Online Delivery,121.95,0.00,54240.32
20,2020-01-12,2020-01-12 17:43,,Healthcare - Regular,173.42,0.00,54066.90
21,2020-01-13,2020-01-13 21:18,,Dining - Casual Restaurant,81.28,0.00,53985.62
22,2020-01-14,2020-01-14 20:27,,Groceries - Supermarket,442.71,0.00,53542.91
23,2020-01-15,2020-01-15 21:05,,Dividends,0.00,1469.24,55012.15
24,2020-01-16,2020-01-16 22:08,,Investment Returns - Stocks,0.00,6428.29,61440.44
25,2020-01-16,2020-01-16 05:30,,Public Transport,16.10,0.00,61424.34
26,2020-01-17,2020-01-17 00:45,,Utilities - Electricity,356.75,0.00,61067.59
27,2020-01-18,2020-01-18 10:32,,Salary - Regular,0.00,5209.49,66277.08
28,2020-01-18,2020-01-18 20:22,,Groceries - Supermarket,696.47,0.00,65580.61
29,2020-01-19,2020-01-19 02:12,,Salary - Regular,0.00,7241.30,72821.91
30,2020-01-19,2020-01-19 03:46,,Coffee Shop,26.02,0.00,72795.89
31,2020-01-20,2020-01-20 13:25,,Freelance Income,0.00,1984.89,74780.78
32,2020-01-21,2020-01-21 01:21,,Groceries - Supermarket,211.47,0.00,74569.31
33,2020-01-21,2020-01-21 08:21,,Salary - Regular,0.00,5938.26,80507.57
34,2020-01-22,2020-01-22 22:23,,Dining - Casual Restaurant,62.29,0.00,80445.28
35,2020-01-23,2020-01-23 06:27,,Groceries - Supermarket,432.27,0.00,80013.01
36,2020-01-23,2020-01-23 21:10,,Fuel,51.74,0.00,79961.27
37,2020-01-24,2020-01-24 17:11,,Salary - Regular,0.00,5832.81,85794.08
38,2020-01-26,2020-01-26 08:52,,Utilities - Electricity,343.46,0.00,85450.62
39,2020-01-27,2020-01-27 14:35,,Freelance Income,0.00,1790.22,87240.84
40,2020-01-27,2020-01-27 05:41,,Healthcare - Emergency,2876.43,0.00,84364.41
41,2020-01-28,2020-01-28 11:36,,Freelance Income,0.00,999.85,85364.26
42,2020-01-28,2020-01-28 17:52,,Groceries - Online Delivery,295.54,0.00,85068.72
43,2020-01-29,2020-01-29 03:07,,Groceries - Supermarket,251.86,0.00,84816.86
44,2020-01-30,2020-01-30 12:53,,Coffee Shop,9.52,0.00,84807.34
45,2020-01-30,2020-01-30 23:38,,Groceries - Supermarket,143.53,0.00,84663.81
46,2020-01-30,2020-01-30 03:03,,Investment Returns - Crypto,0.00,685.46,85349.27
47,2020-01-31,2020-01-31 05:49,,Dining - Fine Dining,376.98,0.00,84972.29
48,2020-01-31,2020-01-31 11:48,,Healthcare - Emergency,3654.09,0.00,81318.20
49,2020-02-01,2020-02-01 11:44,,Fuel,94.34,0.00,81223.86
50,2020-02-01,2020-02-01 05:52,,Dining - Fine Dining,598.15,0.00,80625.71
51,2020-02-02,2020-02-02 20:42,,Groceries - Online Delivery,326.95,0.00,80298.76
52,2020-02-02,2020-02-02 07:32,,Coffee Shop,24.58,0.00,80274.18
53,2020-02-03,2020-02-03 20:28,,Entertainment - Movies,43.02,0.00,80231.16
54,2020-02-04,2020-02-04 12:49,,Fuel,64.54,0.00,80166.62
55,2020-02-05,2020-02-05 21:21,,Salary - Bonus,0.00,23435.33,103601.95
56,2020-02-06,2020-02-06 00:01,,Salary - Regular,0.00,5362.60,108964.55
57,2020-02-06,2020-02-06 16:56,,Utilities - Electricity,403.68,0.00,108560.87
58,2020-02-07,2020-02-07 02:32,,Utilities - Electricity,485.94,0.00,108074.93
59,2020-02-08,2020-02-08 17:15,,Groceries - Supermarket,370.30,0.00,107704.63
60,2020-02-08,2020-02-08 14:51,,Freelance Income,0.00,1808.96,109513.59
61,2020-02-08,2020-02-08 00:33,,Groceries - Supermarket,212.45,0.00,109301.14
62,2020-02-08,2020-02-08 21:51,,Dividends,0.00,515.41,109816.55
63,2020-02-09,2020-02-09 22:42,,Groceries - Online Delivery,315.71,0.00,109500.84
64,2020-02-09,2020-02-09 23:37,,Investment - Stocks,23525.49,0.00,85975.35
65,2020-02-10,2020-02-10 01:46,,Dining - Casual Restaurant,196.87,0.00,85778.48
66,2020-02-10,2020-02-10 03:26,,Utilities - Electricity,196.88,0.00,85581.60
67,2020-02-11,2020-02-11 12:51,,Groceries - Online Delivery,138.73,0.00,85442.87
68,2020-02-11,2020-02-11 04:56,,Coffee Shop,18.40,0.00,85424.47
69,2020-02-11,2020-02-11 06:03,,Groceries - Online Delivery,182.38,0.00,85242.09
70,2020-02-12,2020-02-12 03:53,,Groceries - Supermarket,360.92,0.00,84881.17
71,2020-02-12,2020-02-12 06:39,,Fuel,81.83,0.00,84799.34
72,2020-02-13,2020-02-13 11:25,,Investment Returns - Crypto,0.00,3043.89,87843.23
73,2020-02-13,2020-02-13 01:38,,Utilities - Water,126.43,0.00,87716.80
74,2020-02-14,2020-02-14 02:44,,Investment Returns - Stocks,0.00,1703.11,89419.91
75,2020-02-14,2020-02-14 04:46,,Coffee Shop,6.95,0.00,89412.96
76,2020-02-15,2020-02-15 14:17,,Investment - Stocks,9914.57,0.00,79498.39
77,2020-02-16,2020-02-16 13:14,,Salary - Bonus,0.00,8196.23,87694.62
78,2020-02-17,2020-02-17 14:20,,Salary - Regular,0.00,7344.67,95039.29
79,2020-02-17,2020-02-17 23:25,,Investment Returns - Stocks,0.00,2202.11,97241.40
80,2020-02-17,2020-02-17 12:14,,Loan EMI,2510.37,0.00,94731.03
81,2020-02-18,2020-02-18 07:27,,Groceries - Supermarket,115.43,0.00,94615.60
82,2020-02-18,2020-02-18 08:36,,Utilities - Water,118.56,0.00,94497.04
83,2020-02-19,2020-02-19 13:09,,Groceries - Supermarket,481.66,0.00,94015.38
84,2020-02-20,2020-02-20 07:03,,Groceries - Online Delivery,124.98,0.00,93890.40
85,2020-02-21,2020-02-21 15:35,,Salary - Bonus,0.00,10578.79,104469.19
86,2020-02-21,2020-02-21 22:18,,Salary - Regular,0.00,6918.57,111387.76
87,2020-02-21,2020-02-21 23:27,,Coffee Shop,21.03,0.00,111366.73
88,2020-02-21,2020-02-21 00:14,,Salary - Regular,0.00,6831.37,118198.10
89,2020-02-22,2020-02-22 22:30,,Rental Income,0.00,5358.53,123556.63
90,2020-02-22,2020-02-22 06:33,,Salary - Regular,0.00,8625.12,132181.75
91,2020-02-22,2020-02-22 16:51,,Coffee Shop,46.86,0.00,132134.89
92,2020-02-23,2020-02-23 03:08,,Groceries - Online Delivery,238.04,0.00,131896.85
93,2020-02-23,2020-02-23 18:16,,Dining - Casual Restaurant,74.27,0.00,131822.58
94,2020-02-24,2020-02-24 04:07,,Investment Returns - Stocks,0.00,6943.34,138765.92
95,2020-02-25,2020-02-25 07:33,,Cashback,0.00,44.27,138810.19
96,2020-02-25,2020-02-25 01:12,,Salary - Regular,0.00,3652.10,142462.29
97,2020-02-25,2020-02-25 19:45,,Groceries - Online Delivery,205.04,0.00,142257.25
98,2020-02-26,2020-02-26 01:40,,Investment Returns - Crypto,0.00,1011.68,143268.93
99,2020-02-27,2020-02-27 09:43,,Utilities - Electricity,234.24,0.00,143034.69
100,2020-02-28,2020-02-28 10:41,,Entertainment - Concerts,469.44,0.00,142565.25
101,2020-02-28,2020-02-28 23:02,,Salary - Regular,0.00,3932.75,146498.00
102,2020-02-28,2020-02-28 20:28,,Public Transport,10.98,0.00,146487.02
103,2020-02-29,2020-02-29 08:34,,Rental Income,0.00,4519.19,151006.21
104,2020-02-29,2020-02-29 12:25,,Investment - Stocks,11322.56,0.00,139683.65
105,2020-03-01,2020-03-01 17:49,,Freelance Income,0.00,1370.19,141053.84
106,2020-03-01,2020-03-01 12:13,,Dividends,0.00,279.01,141332.85
107,2020-03-01,2020-03-01 06:29,,Fuel,48.18,0.00,141284.67
108,2020-03-02,2020-03-02 13:13,,Loan EMI,2635.76,0.00,138648.91
109,2020-03-02,2020-03-02 23:23,,Groceries - Online Delivery,174.71,0.00,138474.20
110,2020-03-03,2020-03-03 05:11,,Salary - Bonus,0.00,7258.29,145732.49
111,2020-03-03,2020-03-03 14:45,,Rental Income,0.00,3013.64,148746.13
112,2020-03-04,2020-03-04 12:33,,Rental Income,0.00,4312.70,153058.83
113,2020-03-04,2020-03-04 04:56,,Healthcare - Regular,80.41,0.00,152978.42
114,2020-03-05,2020-03-05 14:22,,Groceries - Online Delivery,250.42,0.00,152728.00
115,2020-03-06,2020-03-06 20:14,,Dining - Fine Dining,313.92,0.00,152414.08
116,2020-03-06,2020-03-06 03:08,,Groceries - Online Delivery,131.44,0.00,152282.64
117,2020-03-07,2020-03-07 18:25,,Loan EMI,1274.69,0.00,151007.95
118,2020-03-07,2020-03-07 03:59,,Utilities - Water,86.71,0.00,150921.24
119,2020-03-09,2020-03-09 18:58,,Groceries - Supermarket,353.34,0.00,150567.90
120,2020-03-10,2020-03-10 04:44,,Rental Income,0.00,3681.37,154249.27
121,2020-03-12,2020-03-12 21:10,,Healthcare - Regular,200.05,0.00,154049.22
122,2020-03-13,2020-03-13 13:01,,Groceries - Online Delivery,163.05,0.00,153886.17
123,2020-03-13,2020-03-13 18:28,,Fuel,51.10,0.00,153835.07
124,2020-03-14,2020-03-14 17:01,,Fuel,66.47,0.00,153768.60
125,2020-03-14,2020-03-14 09:42,,Groceries - Online Delivery,370.93,0.00,153397.67
126,2020-03-16,2020-03-16 15:54,,Groceries - Online Delivery,205.39,0.00,153192.28
127,2020-03-16,2020-03-16 07:19,,Groceries - Online Delivery,150.99,0.00,153041.29
128,2020-03-16,2020-03-16 13:58,,Public Transport,4.71,0.00,153036.58
129,2020-03-16,2020-03-16 21:15,,Salary - Bonus,0.00,15007.75,168044.33
130,2020-03-17,2020-03-17 11:15,,Salary - Regular,0.00,3746.25,171790.58
131,2020-03-17,2020-03-17 09:38,,Coffee Shop,6.66,0.00,171783.92
132,2020-03-18,2020-03-18 13:29,,Salary - Bonus,0.00,15763.49,187547.41
133,2020-03-18,2020-03-18 17:31,,Dining - Fine Dining,580.62,0.00,186966.79
134,2020-03-19,2020-03-19 06:34,,Investment Returns - Stocks,0.00,4406.05,191372.84
135,2020-03-19,2020-03-19 21:14,,Coffee Shop,8.97,0.00,191363.87
136,2020-03-20,2020-03-20 20:57,,Healthcare - Regular,321.40,0.00,191042.47
137,2020-03-20,2020-03-20 01:51,,Salary - Regular,0.00,4757.78,195800.25
138,2020-03-22,2020-03-22 18:28,,Salary - Regular,0.00,6622.91,202423.16
139,2020-03-22,2020-03-22 00:51,,Entertainment - Concerts,681.70,0.00,201741.46
140,2020-03-22,2020-03-22 17:33,,Coffee Shop,10.24,0.00,201731.22
141,2020-03-22,2020-03-22 03:58,,Coffee Shop,15.13,0.00,201716.09
142,2020-03-23,2020-03-23 13:51,,Fuel,42.42,0.00,201673.67
143,2020-03-24,2020-03-24 00:48,,Utilities - Electricity,350.80,0.00,201322.87
144,2020-03-24,2020-03-24 01:26,,Dining - Casual Restaurant,112.68,0.00,201210.19
145,2020-03-25,2020-03-25 16:06,,Salary - Regular,0.00,5064.61,206274.80
146,2020-03-25,2020-03-25 00:08,,Freelance Income,0.00,889.10,207163.90
147,2020-03-26,2020-03-26 22:26,,Fuel,71.56,0.00,207092.34
148,2020-03-26,2020-03-26 19:14,,Groceries - Online Delivery,254.09,0.00,206838.25
149,2020-03-27,2020-03-27 07:05,,Public Transport,5.32,0.00,206832.93
150,2020-03-27,2020-03-27 14:41,,Coffee Shop,8.88,0.00,206824.05
151,2020-03-27,2020-03-27 13:43,,Groceries - Supermarket,108.75,0.00,206715.30
152,2020-03-28,2020-03-28 14:41,,Healthcare - Regular,141.14,0.00,206574.16
153,2020-03-29,2020-03-29 07:24,,Salary - Bonus,0.00,11718.97,218293.13
154,2020-03-29,2020-03-29 00:49,,Salary - Bonus,0.00,13510.92,231804.05
155,2020-03-30,2020-03-30 01:36,,Fuel,94.16,0.00,231709.89
156,2020-03-30,2020-03-30 02:00,,Groceries - Supermarket,170.08,0.00,231539.81
157,2020-03-31,2020-03-31 05:44,,Entertainment - Movies,44.54,0.00,231495.27
158,2020-04-01,2020-04-01 09:56,,Dining - Casual Restaurant,88.04,0.00,231407.23
159,2020-04-02,2020-04-02 06:25,,Utilities - Electricity,154.36,0.00,231252.87
160,2020-04-02,2020-04-02 13:03,,Freelance Income,0.00,2324.67,233577.54
161,2020-04-02,2020-04-02 08:49,,Public Transport,20.60,0.00,233556.94
162,2020-04-02,2020-04-02 06:03,,Dining - Casual Restaurant,172.93,0.00,233384.01
163,2020-04-03,2020-04-03 09:53,,Entertainment - Concerts,770.94,0.00,232613.07
164,2020-04-03,2020-04-03 07:13,,Groceries - Supermarket,88.47,0.00,232524.60
165,2020-04-04,2020-04-04 19:21,,Utilities - Water,297.90,0.00,232226.70
166,2020-04-04,2020-04-04 18:35,,Utilities - Electricity,317.09,0.00,231909.61
167,2020-04-04,2020-04-04 13:50,,Fuel,45.85,0.00,231863.76
168,2020-04-05,2020-04-05 19:24,,Dining - Casual Restaurant,207.12,0.00,231656.64
169,2020-04-05,2020-04-05 23:34,,Dining - Casual Restaurant,108.48,0.00,231548.16
170,2020-04-06,2020-04-06 01:31,,Salary - Regular,0.00,3110.11,234658.27
171,2020-04-07,2020-04-07 11:58,,Groceries - Online Delivery,265.76,0.00,234392.51
172,2020-04-08,2020-04-08 02:28,,Public Transport,14.63,0.00,234377.88
173,2020-04-08,2020-04-08 11:45,,Public Transport,11.11,0.00,234366.77
174,2020-04-08,2020-04-08 01:48,,Rental Income,0.00,3422.14,237788.91
175,2020-04-08,2020-04-08 04:38,,Investment - Stocks,10284.95,0.00,227503.96
176,2020-04-09,2020-04-09 02:57,,Dividends,0.00,330.29,227834.25
177,2020-04-09,2020-04-09 23:02,,Investment Returns - Crypto,0.00,955.59,228789.84
178,2020-04-09,2020-04-09 23:02,,Groceries - Online Delivery,130.56,0.00,228659.28
179,2020-04-09,2020-04-09 00:11,,Utilities - Electricity,90.85,0.00,228568.43
180,2020-04-10,2020-04-10 20:22,,Dining - Fine Dining,196.72,0.00,228371.71
181,2020-04-10,2020-04-10 15:25,,Investment - Stocks,10348.54,0.00,218023.17
182,2020-04-12,2020-04-12 04:03,,Coffee Shop,24.42,0.00,217998.75
183,2020-04-12,2020-04-12 18:09,,Salary - Regular,0.00,7054.09,225052.84
184,2020-04-13,2020-04-13 19:45,,Fuel,92.75,0.00,224960.09
185,2020-04-13,2020-04-13 12:11,,Groceries - Online Delivery,170.48,0.00,224789.61
186,2020-04-14,2020-04-14 10:01,,Dining - Fine Dining,395.04,0.00,224394.57
187,2020-04-14,2020-04-14 16:48,,Dining - Casual Restaurant,66.30,0.00,224328.27
188,2020-04-15,2020-04-15 12:30,,Rental Income,0.00,3611.26,227939.53
189,2020-04-16,2020-04-16 17:41,,Dining - Casual Restaurant,76.70,0.00,227862.83
190,2020-04-16,2020-04-16 16:54,,Entertainment - Movies,38.61,0.00,227824.22
191,2020-04-17,2020-04-17 02:20,,Loan EMI,3923.14,0.00,223901.08
192,2020-04-17,2020-04-17 21:37,,Public Transport,9.05,0.00,223892.03
193,2020-04-18,2020-04-18 16:29,,Entertainment - Movies,65.76,0.00,223826.27
194,2020-04-18,2020-04-18 03:40,,Public Transport,7.20,0.00,223819.07
195,2020-04-18,2020-04-18 18:59,,Utilities - Water,118.65,0.00,223700.42
196,2020-04-19,2020-04-19 15:55,,Investment Returns - Stocks,0.00,4286.36,227986.78
197,2020-04-19,2020-04-19 13:18,,Salary - Regular,0.00,5953.42,233940.20
198,2020-04-19,2020-04-19 05:47,,Freelance Income,0.00,2165.43,236105.63
199,2020-04-20,2020-04-20 01:52,,Investment Returns - Crypto,0.00,4215.88,240321.51
200,2020-04-21,2020-04-21 11:41,,Groceries - Supermarket,94.30,0.00,240227.21
201,2020-04-21,2020-04-21 20:35,,Salary - Regular,0.00,5660.39,245887.60
202,2020-04-21,2020-04-21 19:32,,Investment Returns - Stocks,0.00,3001.56,248889.16
203,2020-04-21,2020-04-21 20:49,,Loan EMI,1941.30,0.00,246947.86
204,2020-04-22,2020-04-22 07:25,,Entertainment - Movies,62.56,0.00,246885.30
205,2020-04-22,2020-04-22 20:02,,Investment - Crypto,2463.67,0.00,244421.63
206,2020-04-23,2020-04-23 01:53,,Entertainment - Movies,54.18,0.00,244367.45
207,2020-04-24,2020-04-24 06:51,,Investment - Crypto,5706.01,0.00,238661.44
208,2020-04-25,2020-04-25 07:44,,Groceries - Supermarket,127.53,0.00,238533.91
209,2020-04-26,2020-04-26 02:22,,Coffee Shop,14.80,0.00,238519.11
210,2020-04-27,2020-04-27 16:44,,Healthcare - Emergency,2152.71,0.00,236366.40
211,2020-04-27,2020-04-27 06:08,,Public Transport,17.82,0.00,236348.58
212,2020-04-28,2020-04-28 03:00,,Healthcare - Emergency,3572.69,0.00,232775.89
213,2020-04-29,2020-04-29 09:13,,Salary - Regular,0.00,5924.41,238700.30
214,2020-04-30,2020-04-30 11:27,,Dining - Casual Restaurant,104.50,0.00,238595.80
215,2020-04-30,2020-04-30 04:02,,Groceries - Online Delivery,169.45,0.00,238426.35
216,2020-05-01,2020-05-01 05:07,,Salary - Regular,0.00,5156.43,243582.78
217,2020-05-01,2020-05-01 13:22,,Freelance Income,0.00,1592.65,245175.43
218,2020-05-02,2020-05-02 03:33,,Cashback,0.00,33.48,245208.91
219,2020-05-02,2020-05-02 06:34,,Rental Income,0.00,3188.10,248397.01
220,2020-05-02,2020-05-02 10:53,,Healthcare - Regular,288.40,0.00,248108.61
221,2020-05-03,2020-05-03 21:07,,Dining - Casual Restaurant,235.02,0.00,247873.59
222,2020-05-03,2020-05-03 12:38,,Investment - Stocks,5238.77,0.00,242634.82
223,2020-05-04,2020-05-04 04:14,,Investment Returns - Stocks,0.00,5847.77,248482.59
224,2020-05-04,2020-05-04 09:47,,Salary - Bonus,0.00,15109.42,263592.01
225,2020-05-04,2020-05-04 07:18,,Dining - Fine Dining,427.72,0.00,263164.29
226,2020-05-06,2020-05-06 03:25,,Groceries - Online Delivery,113.22,0.00,263051.07
227,2020-05-06,2020-05-06 05:23,,Investment - Stocks,5866.77,0.00,257184.30
228,2020-05-06,2020-05-06 19:37,,Healthcare - Regular,63.78,0.00,257120.52
229,2020-05-06,2020-05-06 04:32,,Coffee Shop,14.88,0.00,257105.64
230,2020-05-07,2020-05-07 04:30,,Loan EMI,2023.64,0.00,255082.00
231,2020-05-07,2020-05-07 04:49,,Dividends,0.00,1006.04,256088.04
232,2020-05-08,2020-05-08 07:36,,Groceries - Supermarket,267.70,0.00,255820.34
233,2020-05-09,2020-05-09 11:03,,Dining - Fine Dining,552.28,0.00,255268.06
234,2020-05-09,2020-05-09 18:44,,Investment - Stocks,5488.70,0.00,249779.36
235,2020-05-10,2020-05-10 03:14,,Investment Returns - Stocks,0.00,3496.65,253276.01
236,2020-05-11,2020-05-11 04:38,,Public Transport,5.24,0.00,253270.77
237,2020-05-11,2020-05-11 20:04,,Groceries - Supermarket,155.20,0.00,253115.57
238,2020-05-12,2020-05-12 19:06,,Rental Income,0.00,1795.01,254910.58
239,2020-05-13,2020-05-13 06:34,,Salary - Regular,0.00,3137.23,258047.81
240,2020-05-13,2020-05-13 22:32,,Freelance Income,0.00,5064.88,263112.69
241,2020-05-14,2020-05-14 03:15,,Salary - Regular,0.00,7520.92,270633.61
242,2020-05-15,2020-05-15 17:07,,Entertainment - Movies,75.21,0.00,270558.40
243,2020-05-15,2020-05-15 14:40,,Utilities - Electricity,261.74,0.00,270296.66
244,2020-05-16,2020-05-16 13:58,,Groceries - Online Delivery,187.14,0.00,270109.52
245,2020-05-16,2020-05-16 23:07,,Groceries - Supermarket,345.26,0.00,269764.26
246,2020-05-16,2020-05-16 01:43,,Salary - Regular,0.00,6158.23,275922.49
247,2020-05-16,2020-05-16 02:20,,Investment Returns - Crypto,0.00,3640.88,279563.37
248,2020-05-17,2020-05-17 09:42,,Rental Income,0.00,3996.60,283559.97
249,2020-05-17,2020-05-17 15:29,,Public Transport,15.86,0.00,283544.11
250,2020-05-18,2020-05-18 03:23,,Rental Income,0.00,3391.90,286936.01
251,2020-05-19,2020-05-19 07:26,,Investment Returns - Stocks,0.00,5415.23,292351.24
252,2020-05-20,2020-05-20 03:44,,Groceries - Supermarket,177.92,0.00,292173.32
253,2020-05-21,2020-05-21 21:02,,Groceries - Supermarket,110.16,0.00,292063.16
254,2020-05-21,2020-05-21 07:07,,Dividends,0.00,884.27,292947.43
255,2020-05-21,2020-05-21 04:43,,Investment Returns - Crypto,0.00,1116.17,294063.60
256,2020-05-23,2020-05-23 15:37,,Salary - Regular,0.00,3620.15,297683.75
257,2020-05-24,2020-05-24 03:23,,Investment - Crypto,1072.64,0.00,296611.11
258,2020-05-25,2020-05-25 23:15,,Dividends,0.00,849.61,297460.72
259,2020-05-25,2020-05-25 02:05,,Salary - Bonus,0.00,9868.42,307329.14
260,2020-05-25,2020-05-25 12:10,,Groceries - Supermarket,233.45,0.00,307095.69
261,2020-05-26,2020-05-26 13:55,,Freelance Income,0.00,3902.58,310998.27
262,2020-05-27,2020-05-27 02:37,,Dining - Casual Restaurant,175.18,0.00,310823.09
263,2020-05-28,2020-05-28 01:44,,Groceries - Supermarket,182.65,0.00,310640.44
264,2020-05-28,2020-05-28 06:13,,Coffee Shop,20.49,0.00,310619.95
265,2020-05-29,2020-05-29 10:51,,Utilities - Electricity,302.36,0.00,310317.59
266,2020-05-29,2020-05-29 17:05,,Dining - Casual Restaurant,219.68,0.00,310097.91
267,2020-05-29,2020-05-29 05:10,,Rental Income,0.00,4004.40,314102.31
268,2020-05-30,2020-05-30 01:26,,Rental Income,0.00,3469.01,317571.32
269,2020-05-31,2020-05-31 15:30,,Freelance Income,0.00,3289.46,320860.78
270,2020-06-01,2020-06-01 14:51,,Salary - Regular,0.00,5855.33,326716.11
271,2020-06-01,2020-06-01 22:20,,Investment - Stocks,6471.38,0.00,320244.73
272,2020-06-01,2020-06-01 14:49,,Dining - Fine Dining,482.43,0.00,319762.30
273,2020-06-02,2020-06-02 21:24,,Entertainment - Concerts,195.69,0.00,319566.61
274,2020-06-03,2020-06-03 02:59,,Freelance Income,0.00,4271.61,323838.22
275,2020-06-03,2020-06-03 08:41,,Coffee Shop,6.11,0.00,323832.11
276,2020-06-03,2020-06-03 18:52,,Salary - Regular,0.00,4827.52,328659.63
277,2020-06-04,2020-06-04 22:40,,Investment Returns - Stocks,0.00,2657.54,331317.17
278,2020-06-04,2020-06-04 21:09,,Loan EMI,2230.46,0.00,329086.71
279,2020-06-04,2020-06-04 08:50,,Salary - Regular,0.00,3995.49,333082.20
280,2020-06-05,2020-06-05 05:09,,Fuel,58.06,0.00,333024.14
281,2020-06-06,2020-06-06 03:59,,Entertainment - Concerts,152.15,0.00,332871.99
282,2020-06-07,2020-06-07 11:06,,Loan EMI,3725.85,0.00,329146.14
283,2020-06-08,2020-06-08 09:25,,Freelance Income,0.00,370.82,329516.96
284,2020-06-08,2020-06-08 01:49,,Fuel,30.00,0.00,329486.96
285,2020-06-09,2020-06-09 22:36,,Investment - Stocks,10074.68,0.00,319412.28
286,2020-06-09,2020-06-09 05:17,,Investment - Stocks,4853.64,0.00,314558.64
287,2020-06-09,2020-06-09 11:29,,Dining - Fine Dining,594.68,0.00,313963.96
288,2020-06-11,2020-06-11 12:28,,Investment Returns - Stocks,0.00,2385.14,316349.10
289,2020-06-11,2020-06-11 05:25,,Rental Income,0.00,1972.13,318321.23
290,2020-06-12,2020-06-12 18:17,,Freelance Income,0.00,673.06,318994.29
291,2020-06-12,2020-06-12 00:54,,Salary - Regular,0.00,5785.88,324780.17
292,2020-06-13,2020-06-13 14:51,,Public Transport,10.17,0.00,324770.00
293,2020-06-14,2020-06-14 18:49,,Salary - Regular,0.00,3321.70,328091.70
294,2020-06-14,2020-06-14 01:24,,Public Transport,11.39,0.00,328080.31
295,2020-06-14,2020-06-14 17:20,,Coffee Shop,15.54,0.00,328064.77
296,2020-06-15,2020-06-15 12:02,,Groceries - Supermarket,305.96,0.00,327758.81
297,2020-06-15,2020-06-15 05:05,,Groceries - Online Delivery,212.01,0.00,327546.80
298,2020-06-17,2020-06-17 01:26,,Public Transport,1.98,0.00,327544.82
299,2020-06-18,2020-06-18 04:31,,Dining - Fine Dining,736.45,0.00,326808.37
300,2020-06-20,2020-06-20 04:34,,Groceries - Supermarket,414.64,0.00,326393.73
301,2020-06-20,2020-06-20 01:51,,Loan EMI,1482.48,0.00,324911.25
302,2020-06-21,2020-06-21 18:43,,Dining - Fine Dining,540.64,0.00,324370.61
303,2020-06-21,2020-06-21 00:06,,Rental Income,0.00,1269.33,325639.94
304,2020-06-21,2020-06-21 02:32,,Investment - Stocks,16252.38,0.00,309387.56
305,2020-06-21,2020-06-21 18:37,,Investment Returns - Crypto,0.00,4670.28,314057.84
306,2020-06-22,2020-06-22 05:32,,Salary - Regular,0.00,5800.98,319858.82
307,2020-06-22,2020-06-22 21:24,,Fuel,63.65,0.00,319795.17
308,2020-06-22,2020-06-22 13:12,,Entertainment - Movies,36.35,0.00,319758.82
309,2020-06-23,2020-06-23 18:16,,Groceries - Supermarket,254.37,0.00,319504.45
310,2020-06-24,2020-06-24 15:51,,Rental Income,0.00,3403.81,322908.26
311,2020-06-25,2020-06-25 07:44,,Groceries - Supermarket,165.46,0.00,322742.80
312,2020-06-25,2020-06-25 02:11,,Dining - Casual Restaurant,67.52,0.00,322675.28
313,2020-06-26,2020-06-26 22:55,,Healthcare - Regular,120.86,0.00,322554.42
314,2020-06-26,2020-06-26 13:21,,Utilities - Water,96.12,0.00,322458.30
315,2020-06-27,2020-06-27 05:29,,Loan EMI,2789.04,0.00,319669.26
316,2020-06-27,2020-06-27 16:07,,Cashback,0.00,268.40,319937.66
317,2020-06-28,2020-06-28 18:57,,Dining - Casual Restaurant,81.34,0.00,319856.32
318,2020-06-29,2020-06-29 22:31,,Cashback,0.00,304.26,320160.58
319,2020-06-29,2020-06-29 05:44,,Loan EMI,1623.96,0.00,318536.62
320,2020-06-29,2020-06-29 03:10,,Investment - Crypto,3308.21,0.00,315228.41
321,2020-06-29,2020-06-29 14:46,,Fuel,54.27,0.00,315174.14
322,2020-06-30,2020-06-30 23:23,,Groceries - Supermarket,197.77,0.00,314976.37
323,2020-06-30,2020-06-30 06:49,,Groceries - Supermarket,118.36,0.00,314858.01
324,2020-07-03,2020-07-03 01:14,,Utilities - Water,33.75,0.00,314824.26
325,2020-07-03,2020-07-03 11:25,,Coffee Shop,10.92,0.00,314813.34
326,2020-07-04,2020-07-04 00:16,,Salary - Regular,0.00,4423.46,319236.80
327,2020-07-05,2020-07-05 14:53,,Public Transport,3.36,0.00,319233.44
328,2020-07-06,2020-07-06 20:13,,Dining - Casual Restaurant,138.32,0.00,319095.12
329,2020-07-06,2020-07-06 22:50,,Utilities - Electricity,194.93,0.00,318900.19
330,2020-07-07,2020-07-07 17:44,,Coffee Shop,11.35,0.00,318888.84
331,2020-07-09,2020-07-09 05:01,,Salary - Regular,0.00,2927.96,321816.80
332,2020-07-10,2020-07-10 18:24,,Groceries - Supermarket,269.21,0.00,321547.59
333,2020-07-10,2020-07-10 11:53,,Public Transport,0.93,0.00,321546.66
334,2020-07-11,2020-07-11 22:34,,Fuel,91.82,0.00,321454.84
335,2020-07-13,2020-07-13 23:57,,Utilities - Electricity,230.02,0.00,321224.82
336,2020-07-13,2020-07-13 19:19,,Investment - Crypto,6539.83,0.00,314684.99
337,2020-07-14,2020-07-14 12:38,,Groceries - Supermarket,297.01,0.00,314387.98
338,2020-07-15,2020-07-15 07:40,,Groceries - Supermarket,302.09,0.00,314085.89
339,2020-07-15,2020-07-15 19:27,,Groceries - Supermarket,320.61,0.00,313765.28
340,2020-07-15,2020-07-15 18:04,,Loan EMI,2797.38,0.00,310967.90
341,2020-07-18,2020-07-18 20:27,,Salary - Regular,0.00,6255.76,317223.66
342,2020-07-19,2020-07-19 21:44,,Salary - Regular,0.00,4960.15,322183.81
343,2020-07-19,2020-07-19 14:12,,Utilities - Water,205.37,0.00,321978.44
344,2020-07-20,2020-07-20 15:37,,Dividends,0.00,757.89,322736.33
345,2020-07-20,2020-07-20 10:37,,Groceries - Online Delivery,108.14,0.00,322628.19
346,2020-07-20,2020-07-20 10:12,,Utilities - Water,37.54,0.00,322590.65
347,2020-07-20,2020-07-20 05:16,,Dining - Casual Restaurant,117.07,0.00,322473.58
348,2020-07-21,2020-07-21 06:37,,Dividends,0.00,143.37,322616.95
349,2020-07-21,2020-07-21 07:58,,Rental Income,0.00,1636.15,324253.10
350,2020-07-21,2020-07-21 07:40,,Dining - Fine Dining,960.65,0.00,323292.45
351,2020-07-22,2020-07-22 23:31,,Salary - Regular,0.00,4585.14,327877.59
352,2020-07-23,2020-07-23 09:47,,Rental Income,0.00,2458.12,330335.71
353,2020-07-23,2020-07-23 11:10,,Loan EMI,770.20,0.00,329565.51
354,2020-07-24,2020-07-24 16:22,,Salary - Regular,0.00,4725.39,334290.90
355,2020-07-25,2020-07-25 01:51,,Loan EMI,2073.92,0.00,332216.98
356,2020-07-26,2020-07-26 18:18,,Salary - Regular,0.00,3206.12,335423.10
357,2020-07-27,2020-07-27 17:25,,Utilities - Electricity,272.99,0.00,335150.11
358,2020-07-27,2020-07-27 12:55,,Groceries - Supermarket,284.66,0.00,334865.45
359,2020-07-28,2020-07-28 04:46,,Salary - Regular,0.00,2866.86,337732.31
360,2020-07-28,2020-07-28 22:50,,Investment - Crypto,383.05,0.00,337349.26
361,2020-07-29,2020-07-29 11:52,,Fuel,28.26,0.00,337321.00
362,2020-07-29,2020-07-29 22:29,,Fuel,63.07,0.00,337257.93
363,2020-07-29,2020-07-29 13:04,,Entertainment - Concerts,234.19,0.00,337023.74
364,2020-07-30,2020-07-30 03:37,,Utilities - Water,40.57,0.00,336983.17
365,2020-07-30,2020-07-30 06:24,,Salary - Regular,0.00,5820.91,342804.08
366,2020-07-30,2020-07-30 09:27,,Dining - Casual Restaurant,115.14,0.00,342688.94
367,2020-07-31,2020-07-31 03:14,,Freelance Income,0.00,515.85,343204.79
368,2020-08-01,2020-08-01 05:49,,Freelance Income,0.00,820.15,344024.94
369,2020-08-02,2020-08-02 02:31,,Investment - Stocks,10860.32,0.00,333164.62
370,2020-08-03,2020-08-03 12:12,,Dining - Casual Restaurant,255.29,0.00,332909.33
371,2020-08-03,2020-08-03 06:01,,Dining - Casual Restaurant,122.71,0.00,332786.62
372,2020-08-03,2020-08-03 01:52,,Groceries - Online Delivery,110.76,0.00,332675.86
373,2020-08-04,2020-08-04 10:48,,Fuel,81.29,0.00,332594.57
374,2020-08-05,2020-08-05 08:25,,Fuel,79.13,0.00,332515.44
375,2020-08-05,2020-08-05 04:46,,Dividends,0.00,1240.21,333755.65
376,2020-08-06,2020-08-06 08:07,,Loan EMI,847.18,0.00,332908.47
377,2020-08-07,2020-08-07 19:28,,Fuel,45.81,0.00,332862.66
378,2020-08-08,2020-08-08 22:32,,Salary - Regular,0.00,4035.13,336897.79
379,2020-08-09,2020-08-09 08:04,,Coffee Shop,31.78,0.00,336866.01
380,2020-08-09,2020-08-09 02:54,,Freelance Income,0.00,3095.84,339961.85
381,2020-08-10,2020-08-10 19:12,,Salary - Regular,0.00,4303.48,344265.33
382,2020-08-11,2020-08-11 13:17,,Salary - Regular,0.00,4749.19,349014.52
383,2020-08-13,2020-08-13 19:18,,Dining - Fine Dining,784.05,0.00,348230.47
384,2020-08-14,2020-08-14 20:14,,Utilities - Water,205.92,0.00,348024.55
385,2020-08-14,2020-08-14 11:45,,Investment Returns - Stocks,0.00,6360.81,354385.36
386,2020-08-14,2020-08-14 02:13,,Salary - Regular,0.00,3685.45,358070.81
387,2020-08-16,2020-08-16 17:11,,Coffee Shop,11.39,0.00,358059.42
388,2020-08-17,2020-08-17 17:01,,Groceries - Online Delivery,109.05,0.00,357950.37
389,2020-08-18,2020-08-18 03:11,,Coffee Shop,24.54,0.00,357925.83
390,2020-08-19,2020-08-19 07:52,,Groceries - Supermarket,199.11,0.00,357726.72
391,2020-08-20,2020-08-20 15:54,,Healthcare - Emergency,4953.65,0.00,352773.07
392,2020-08-20,2020-08-20 08:54,,Fuel,77.83,0.00,352695.24
393,2020-08-21,2020-08-21 11:50,,Groceries - Online Delivery,98.66,0.00,352596.58
394,2020-08-22,2020-08-22 18:18,,Loan EMI,1883.17,0.00,350713.41
395,2020-08-22,2020-08-22 07:44,,Entertainment - Movies,35.34,0.00,350678.07
396,2020-08-22,2020-08-22 12:54,,Coffee Shop,13.84,0.00,350664.23
397,2020-08-23,2020-08-23 03:21,,Cashback,0.00,280.73,350944.96
398,2020-08-23,2020-08-23 12:14,,Rental Income,0.00,3629.52,354574.48
399,2020-08-23,2020-08-23 18:06,,Groceries - Online Delivery,206.79,0.00,354367.69
400,2020-08-24,2020-08-24 00:39,,Salary - Regular,0.00,4439.02,358806.71
401,2020-08-24,2020-08-24 02:43,,Groceries - Supermarket,87.49,0.00,358719.22
402,2020-08-24,2020-08-24 15:35,,Dining - Casual Restaurant,122.30,0.00,358596.92
403,2020-08-25,2020-08-25 16:07,,Investment Returns - Stocks,0.00,4158.24,362755.16
404,2020-08-25,2020-08-25 21:29,,Groceries - Supermarket,336.86,0.00,362418.30
405,2020-08-25,2020-08-25 12:42,,Groceries - Online Delivery,128.83,0.00,362289.47
406,2020-08-25,2020-08-25 11:46,,Rental Income,0.00,3851.69,366141.16
407,2020-08-26,2020-08-26 12:14,,Fuel,84.60,0.00,366056.56
408,2020-08-27,2020-08-27 22:10,,Entertainment - Concerts,463.29,0.00,365593.27
409,2020-08-28,2020-08-28 15:19,,Groceries - Supermarket,412.01,0.00,365181.26
410,2020-08-29,2020-08-29 14:46,,Loan EMI,2200.94,0.00,362980.32
411,2020-08-30,2020-08-30 22:58,,Groceries - Supermarket,507.73,0.00,362472.59
412,2020-08-30,2020-08-30 20:29,,Groceries - Supermarket,126.61,0.00,362345.98
413,2020-08-31,2020-08-31 00:44,,Fuel,84.60,0.00,362261.38
414,2020-08-31,2020-08-31 10:18,,Public Transport,19.25,0.00,362242.13
415,2020-09-01,2020-09-01 11:46,,Coffee Shop,11.82,0.00,362230.31
416,2020-09-01,2020-09-01 00:55,,Salary - Regular,0.00,2958.42,365188.73
417,2020-09-03,2020-09-03 18:29,,Groceries - Supermarket,248.15,0.00,364940.58
418,2020-09-04,2020-09-04 16:44,,Dining - Casual Restaurant,121.38,0.00,364819.20
419,2020-09-05,2020-09-05 11:29,,Loan EMI,4221.02,0.00,360598.18
420,2020-09-06,2020-09-06 17:26,,Salary - Regular,0.00,7530.50,368128.68
421,2020-09-06,2020-09-06 14:42,,Dining - Fine Dining,564.73,0.00,367563.95
422,2020-09-07,2020-09-07 11:53,,Salary - Bonus,0.00,24428.87,391992.82
423,2020-09-07,2020-09-07 08:40,,Healthcare - Emergency,3029.23,0.00,388963.59
424,2020-09-07,2020-09-07 18:47,,Groceries - Online Delivery,163.39,0.00,388800.20
425,2020-09-08,2020-09-08 12:16,,Dining - Casual Restaurant,83.29,0.00,388716.91
426,2020-09-09,2020-09-09 12:33,,Utilities - Electricity,136.91,0.00,388580.00
427,2020-09-09,2020-09-09 01:00,,Public Transport,1.25,0.00,388578.75
428,2020-09-10,2020-09-10 09:34,,Coffee Shop,6.24,0.00,388572.51
429,2020-09-10,2020-09-10 08:45,,Utilities - Water,143.12,0.00,388429.39
430,2020-09-11,2020-09-11 10:51,,Fuel,25.43,0.00,388403.96
431,2020-09-11,2020-09-11 06:22,,Entertainment - Concerts,303.11,0.00,388100.85
432,2020-09-12,2020-09-12 18:14,,Utilities - Electricity,185.53,0.00,387915.32
433,2020-09-12,2020-09-12 05:43,,Healthcare - Regular,161.68,0.00,387753.64
434,2020-09-13,2020-09-13 12:30,,Fuel,83.21,0.00,387670.43
435,2020-09-13,2020-09-13 06:59,,Investment Returns - Stocks,0.00,4076.65,391747.08
436,2020-09-13,2020-09-13 19:12,,Healthcare - Regular,201.02,0.00,391546.06
437,2020-09-15,2020-09-15 19:18,,Freelance Income,0.00,1998.18,393544.24
438,2020-09-16,2020-09-16 10:38,,Utilities - Electricity,158.27,0.00,393385.97
439,2020-09-16,2020-09-16 08:46,,Freelance Income,0.00,773.43,394159.40
440,2020-09-16,2020-09-16 11:07,,Groceries - Online Delivery,146.52,0.00,394012.88
441,2020-09-17,2020-09-17 21:30,,Investment - Crypto,2650.97,0.00,391361.91
442,2020-09-17,2020-09-17 01:11,,Groceries - Supermarket,245.03,0.00,391116.88
443,2020-09-18,2020-09-18 01:12,,Entertainment - Movies,27.92,0.00,391088.96
444,2020-09-19,2020-09-19 18:01,,Salary - Regular,0.00,6212.34,397301.30
445,2020-09-19,2020-09-19 08:30,,Utilities - Electricity,232.78,0.00,397068.52
446,2020-09-19,2020-09-19 01:01,,Salary - Regular,0.00,5922.03,402990.55
447,2020-09-19,2020-09-19 08:30,,Salary - Regular,0.00,3328.22,406318.77
448,2020-09-20,2020-09-20 21:52,,Groceries - Supermarket,227.07,0.00,406091.70
449,2020-09-21,2020-09-21 00:05,,Dining - Casual Restaurant,84.31,0.00,406007.39
450,2020-09-22,2020-09-22 08:50,,Coffee Shop,6.00,0.00,406001.39
451,2020-09-22,2020-09-22 16:55,,Freelance Income,0.00,1175.00,407176.39
452,2020-09-22,2020-09-22 20:02,,Salary - Regular,0.00,3092.89,410269.28
453,2020-09-22,2020-09-22 16:08,,Fuel,73.18,0.00,410196.10
454,2020-09-23,2020-09-23 15:24,,Groceries - Supermarket,147.77,0.00,410048.33
455,2020-09-25,2020-09-25 05:33,,Dining - Casual Restaurant,63.89,0.00,409984.44
456,2020-09-25,2020-09-25 12:38,,Dividends,0.00,361.28,410345.72
457,2020-09-26,2020-09-26 02:36,,Salary - Regular,0.00,6420.01,416765.73
458,2020-09-27,2020-09-27 02:33,,Coffee Shop,29.85,0.00,416735.88
459,2020-09-28,2020-09-28 07:11,,Dining - Fine Dining,884.27,0.00,415851.61
460,2020-09-28,2020-09-28 14:58,,Dining - Fine Dining,781.02,0.00,415070.59
461,2020-09-29,2020-09-29 18:29,,Salary - Regular,0.00,4700.59,419771.18
462,2020-09-29,2020-09-29 00:17,,Investment Returns - Stocks,0.00,3816.15,423587.33
463,2020-09-30,2020-09-30 11:45,,Entertainment - Movies,83.20,0.00,423504.13
464,2020-09-30,2020-09-30 08:19,,Salary - Regular,0.00,7671.25,431175.38
465,2020-09-30,2020-09-30 14:23,,Groceries - Supermarket,194.97,0.00,430980.41
466,2020-10-01,2020-10-01 13:09,,Healthcare - Emergency,2427.64,0.00,428552.77
467,2020-10-01,2020-10-01 23:58,,Investment - Stocks,11113.35,0.00,417439.42
468,2020-10-02,2020-10-02 13:19,,Groceries - Supermarket,438.97,0.00,417000.45
469,2020-10-02,2020-10-02 14:16,,Salary - Bonus,0.00,8277.88,425278.33
470,2020-10-03,2020-10-03 08:45,,Loan EMI,4572.20,0.00,420706.13
471,2020-10-03,2020-10-03 03:24,,Salary - Regular,0.00,6001.44,426707.57
472,2020-10-04,2020-10-04 19:25,,Groceries - Supermarket,90.68,0.00,426616.89
473,2020-10-04,2020-10-04 17:12,,Dining - Casual Restaurant,241.47,0.00,426375.42
474,2020-10-04,2020-10-04 10:38,,Healthcare - Regular,336.25,0.00,426039.17
475,2020-10-04,2020-10-04 00:42,,Salary - Regular,0.00,3398.73,429437.90
476,2020-10-05,2020-10-05 09:13,,Entertainment - Concerts,487.67,0.00,428950.23
477,2020-10-05,2020-10-05 16:08,,Public Transport,8.84,0.00,428941.39
478,2020-10-06,2020-10-06 04:51,,Entertainment - Concerts,511.95,0.00,428429.44
479,2020-10-07,2020-10-07 23:08,,Fuel,53.38,0.00,428376.06
480,2020-10-07,2020-10-07 07:21,,Salary - Regular,0.00,3231.05,431607.11
481,2020-10-07,2020-10-07 12:04,,Public Transport,13.61,0.00,431593.50
482,2020-10-07,2020-10-07 22:31,,Freelance Income,0.00,3586.31,435179.81
483,2020-10-08,2020-10-08 12:40,,Loan EMI,1894.06,0.00,433285.75
484,2020-10-09,2020-10-09 22:17,,Groceries - Supermarket,313.60,0.00,432972.15
485,2020-10-10,2020-10-10 18:48,,Dining - Fine Dining,577.61,0.00,432394.54
486,2020-10-10,2020-10-10 14:19,,Salary - Regular,0.00,3333.40,435727.94
487,2020-10-10,2020-10-10 09:46,,Coffee Shop,35.16,0.00,435692.78
488,2020-10-11,2020-10-11 05:16,,Freelance Income,0.00,804.42,436497.20
489,2020-10-12,2020-10-12 09:48,,Salary - Regular,0.00,4661.43,441158.63
490,2020-10-12,2020-10-12 17:42,,Healthcare - Emergency,3172.70,0.00,437985.93
491,2020-10-12,2020-10-12 07:05,,Entertainment - Movies,28.81,0.00,437957.12
492,2020-10-14,2020-10-14 10:47,,Rental Income,0.00,2111.36,440068.48
493,2020-10-14,2020-10-14 05:54,,Groceries - Supermarket,108.88,0.00,439959.60
494,2020-10-15,2020-10-15 00:49,,Fuel,93.08,0.00,439866.52
495,2020-10-15,2020-10-15 09:15,,Rental Income,0.00,3119.05,442985.57
496,2020-10-16,2020-10-16 01:34,,Dining - Fine Dining,859.99,0.00,442125.58
497,2020-10-17,2020-10-17 14:37,,Healthcare - Regular,80.70,0.00,442044.88
498,2020-10-19,2020-10-19 10:08,,Entertainment - Concerts,215.61,0.00,441829.27
499,2020-10-19,2020-10-19 09:44,,Investment Returns - Stocks,0.00,954.72,442783.99
500,2020-10-19,2020-10-19 12:57,,Entertainment - Movies,84.48,0.00,442699.51
501,2020-10-19,2020-10-19 03:06,,Loan EMI,2227.21,0.00,440472.30
502,2020-10-21,2020-10-21 14:27,,Entertainment - Concerts,279.90,0.00,440192.40
503,2020-10-21,2020-10-21 11:49,,Groceries - Supermarket,291.90,0.00,439900.50
504,2020-10-21,2020-10-21 00:49,,Healthcare - Emergency,531.74,0.00,439368.76
505,2020-10-22,2020-10-22 10:04,,Groceries - Supermarket,206.11,0.00,439162.65
506,2020-10-22,2020-10-22 16:25,,Entertainment - Concerts,294.49,0.00,438868.16
507,2020-10-22,2020-10-22 19:43,,Cashback,0.00,74.35,438942.51
508,2020-10-23,2020-10-23 14:59,,Freelance Income,0.00,2964.78,441907.29
509,2020-10-23,2020-10-23 11:46,,Entertainment - Concerts,684.57,0.00,441222.72
510,2020-10-24,2020-10-24 01:12,,Coffee Shop,11.35,0.00,441211.37
511,2020-10-24,2020-10-24 22:12,,Dining - Casual Restaurant,67.37,0.00,441144.00
512,2020-10-25,2020-10-25 12:47,,Entertainment - Movies,91.18,0.00,441052.82
513,2020-10-26,2020-10-26 22:12,,Salary - Bonus,0.00,4253.41,445306.23
514,2020-10-27,2020-10-27 20:19,,Groceries - Supermarket,401.07,0.00,444905.16
515,2020-10-27,2020-10-27 02:50,,Investment Returns - Stocks,0.00,10489.05,455394.21
516,2020-10-27,2020-10-27 07:23,,Public Transport,6.59,0.00,455387.62
517,2020-10-28,2020-10-28 13:25,,Dividends,0.00,816.73,456204.35
518,2020-10-28,2020-10-28 13:48,,Fuel,108.77,0.00,456095.58
519,2020-10-29,2020-10-29 01:06,,Entertainment - Concerts,326.31,0.00,455769.27
520,2020-10-30,2020-10-30 18:00,,Fuel,72.84,0.00,455696.43
521,2020-10-30,2020-10-30 12:25,,Salary - Regular,0.00,6852.31,462548.74
522,2020-10-30,2020-10-30 15:37,,Investment Returns - Stocks,0.00,11052.01,473600.75
523,2020-10-31,2020-10-31 07:02,,Freelance Income,0.00,4870.21,478470.96
524,2020-10-31,2020-10-31 14:33,,Investment Returns - Stocks,0.00,8379.40,486850.36
525,2020-11-01,2020-11-01 15:17,,Fuel,140.70,0.00,486709.66
526,2020-11-01,2020-11-01 13:41,,Healthcare - Emergency,6060.58,0.00,480649.08
527,2020-11-01,2020-11-01 23:35,,Healthcare - Regular,166.73,0.00,480482.35
528,2020-11-02,2020-11-02 03:55,,Groceries - Supermarket,106.02,0.00,480376.33
529,2020-11-02,2020-11-02 03:36,,Groceries - Online Delivery,215.53,0.00,480160.80
530,2020-11-03,2020-11-03 13:32,,Coffee Shop,26.48,0.00,480134.32
531,2020-11-04,2020-11-04 16:36,,Loan EMI,1564.94,0.00,478569.38
532,2020-11-04,2020-11-04 23:01,,Loan EMI,2387.91,0.00,476181.47
533,2020-11-05,2020-11-05 13:15,,Public Transport,10.71,0.00,476170.76
534,2020-11-06,2020-11-06 21:19,,Loan EMI,3218.04,0.00,472952.72
535,2020-11-06,2020-11-06 19:37,,Healthcare - Regular,163.82,0.00,472788.90
536,2020-11-06,2020-11-06 05:30,,Loan EMI,3128.42,0.00,469660.48
537,2020-11-07,2020-11-07 14:25,,Healthcare - Regular,166.17,0.00,469494.31
538,2020-11-07,2020-11-07 00:05,,Investment Returns - Crypto,0.00,5567.25,475061.56
539,2020-11-07,2020-11-07 19:35,,Salary - Regular,0.00,4033.57,479095.13
540,2020-11-08,2020-11-08 14:11,,Public Transport,7.96,0.00,479087.17
541,2020-11-09,2020-11-09 14:43,,Entertainment - Movies,67.76,0.00,479019.41
542,2020-11-10,2020-11-10 01:09,,Groceries - Online Delivery,159.32,0.00,478860.09
543,2020-11-10,2020-11-10 18:00,,Fuel,84.29,0.00,478775.80
544,2020-11-11,2020-11-11 11:56,,Fuel,85.51,0.00,478690.29
545,2020-11-12,2020-11-12 22:12,,Loan EMI,3338.51,0.00,475351.78
546,2020-11-14,2020-11-14 00:13,,Groceries - Online Delivery,211.63,0.00,475140.15
547,2020-11-14,2020-11-14 10:59,,Utilities - Electricity,344.66,0.00,474795.49
548,2020-11-14,2020-11-14 14:34,,Groceries - Supermarket,351.47,0.00,474444.02
549,2020-11-14,2020-11-14 16:06,,Fuel,147.45,0.00,474296.57
550,2020-11-15,2020-11-15 21:21,,Entertainment - Concerts,886.11,0.00,473410.46
551,2020-11-15,2020-11-15 16:05,,Groceries - Online Delivery,310.21,0.00,473100.25
552,2020-11-16,2020-11-16 00:55,,Utilities - Electricity,113.11,0.00,472987.14
553,2020-11-16,2020-11-16 01:51,,Loan EMI,1411.32,0.00,471575.82
554,2020-11-17,2020-11-17 04:15,,Investment Returns - Crypto,0.00,5328.67,476904.49
555,2020-11-17,2020-11-17 20:51,,Dining - Casual Restaurant,97.27,0.00,476807.22
556,2020-11-18,2020-11-18 13:05,,Groceries - Online Delivery,188.90,0.00,476618.32
557,2020-11-18,2020-11-18 11:34,,Investment Returns - Crypto,0.00,5422.88,482041.20
558,2020-11-18,2020-11-18 18:40,,Coffee Shop,25.99,0.00,482015.21
559,2020-11-19,2020-11-19 17:30,,Rental Income,0.00,4941.15,486956.36
560,2020-11-20,2020-11-20 13:21,,Rental Income,0.00,1638.89,488595.25
561,2020-11-21,2020-11-21 01:31,,Dining - Fine Dining,986.23,0.00,487609.02
562,2020-11-21,2020-11-21 02:37,,Investment - Stocks,7594.78,0.00,480014.24
563,2020-11-22,2020-11-22 12:41,,Coffee Shop,16.99,0.00,479997.25
564,2020-11-23,2020-11-23 12:29,,Dining - Casual Restaurant,219.81,0.00,479777.44
565,2020-11-23,2020-11-23 05:47,,Freelance Income,0.00,5588.44,485365.88
566,2020-11-24,2020-11-24 09:43,,Investment - Stocks,12117.71,0.00,473248.17
567,2020-11-25,2020-11-25 06:50,,Utilities - Electricity,375.39,0.00,472872.78
568,2020-11-25,2020-11-25 20:10,,Coffee Shop,22.21,0.00,472850.57
569,2020-11-25,2020-11-25 21:57,,Dining - Fine Dining,651.44,0.00,472199.13
570,2020-11-25,2020-11-25 22:00,,Groceries - Supermarket,153.99,0.00,472045.14
571,2020-11-26,2020-11-26 17:12,,Groceries - Online Delivery,222.13,0.00,471823.01
572,2020-11-27,2020-11-27 11:36,,Coffee Shop,13.76,0.00,471809.25
573,2020-11-28,2020-11-28 17:37,,Groceries - Supermarket,117.94,0.00,471691.31
574,2020-11-28,2020-11-28 04:30,,Utilities - Electricity,187.72,0.00,471503.59
575,2020-11-29,2020-11-29 13:41,,Dining - Casual Restaurant,292.26,0.00,471211.33
576,2020-11-30,2020-11-30 02:23,,Coffee Shop,12.53,0.00,471198.80
577,2020-12-01,2020-12-01 05:55,,Investment Returns - Stocks,0.00,15747.27,486946.07
578,2020-12-02,2020-12-02 23:50,,Rental Income,0.00,3759.81,490705.88
579,2020-12-02,2020-12-02 21:41,,Groceries - Online Delivery,412.05,0.00,490293.83
580,2020-12-03,2020-12-03 14:57,,Entertainment - Concerts,1225.93,0.00,489067.90
581,2020-12-05,2020-12-05 11:44,,Rental Income,0.00,8170.56,497238.46
582,2020-12-06,2020-12-06 17:29,,Utilities - Water,510.99,0.00,496727.47
583,2020-12-07,2020-12-07 19:49,,Investment Returns - Stocks,0.00,6107.51,502834.98
584,2020-12-07,2020-12-07 18:20,,Fuel,68.56,0.00,502766.42
585,2020-12-07,2020-12-07 20:28,,Dividends,0.00,442.36,503208.78
586,2020-12-07,2020-12-07 04:18,,Salary - Regular,0.00,13969.97,517178.75
587,2020-12-08,2020-12-08 14:24,,Rental Income,0.00,4929.05,522107.80
588,2020-12-09,2020-12-09 20:08,,Rental Income,0.00,3653.59,525761.39
589,2020-12-09,2020-12-09 00:43,,Entertainment - Movies,97.43,0.00,525663.96
590,2020-12-10,2020-12-10 08:14,,Dining - Casual Restaurant,238.46,0.00,525425.50
591,2020-12-11,2020-12-11 03:54,,Fuel,211.45,0.00,525214.05
592,2020-12-11,2020-12-11 20:28,,Fuel,96.70,0.00,525117.35
593,2020-12-11,2020-12-11 02:25,,Dining - Fine Dining,2077.10,0.00,523040.25
594,2020-12-11,2020-12-11 09:50,,Dining - Fine Dining,1294.58,0.00,521745.67
595,2020-12-12,2020-12-12 00:02,,Public Transport,1.91,0.00,521743.76
596,2020-12-13,2020-12-13 12:26,,Healthcare - Regular,174.98,0.00,521568.78
597,2020-12-13,2020-12-13 09:40,,Public Transport,28.36,0.00,521540.42
598,2020-12-14,2020-12-14 19:52,,Utilities - Water,237.55,0.00,521302.87
599,2020-12-16,2020-12-16 07:21,,Utilities - Water,178.30,0.00,521124.57
600,2020-12-17,2020-12-17 02:02,,Dining - Fine Dining,870.64,0.00,520253.93
601,2020-12-17,2020-12-17 00:06,,Groceries - Online Delivery,426.41,0.00,519827.52
602,2020-12-18,2020-12-18 14:48,,Public Transport,22.62,0.00,519804.90
603,2020-12-19,2020-12-19 16:37,,Freelance Income,0.00,4286.97,524091.87
604,2020-12-20,2020-12-20 07:21,,Dining - Casual Restaurant,645.78,0.00,523446.09
605,2020-12-20,2020-12-20 18:50,,Rental Income,0.00,4406.90,527852.99
606,2020-12-21,2020-12-21 19:36,,Salary - Regular,0.00,8933.69,536786.68
607,2020-12-21,2020-12-21 02:49,,Investment Returns - Crypto,0.00,3178.55,539965.23
608,2020-12-22,2020-12-22 06:39,,Dining - Casual Restaurant,404.17,0.00,539561.06
609,2020-12-22,2020-12-22 06:01,,Dining - Fine Dining,1530.56,0.00,538030.50
610,2020-12-23,2020-12-23 01:08,,Utilities - Electricity,417.79,0.00,537612.71
611,2020-12-23,2020-12-23 12:13,,Entertainment - Movies,57.84,0.00,537554.87
612,2020-12-24,2020-12-24 09:14,,Utilities - Electricity,590.69,0.00,536964.18
613,2020-12-24,2020-12-24 12:08,,Groceries - Supermarket,321.81,0.00,536642.37
614,2020-12-24,2020-12-24 03:13,,Public Transport,15.03,0.00,536627.34
615,2020-12-24,2020-12-24 22:10,,Freelance Income,0.00,2315.81,538943.15
616,2020-12-25,2020-12-25 08:22,,Freelance Income,0.00,4963.03,543906.18
617,2020-12-26,2020-12-26 20:31,,Freelance Income,0.00,2896.15,546802.33
618,2020-12-26,2020-12-26 07:49,,Groceries - Supermarket,810.95,0.00,545991.38
619,2020-12-26,2020-12-26 07:29,,Entertainment - Movies,78.67,0.00,545912.71
620,2020-12-26,2020-12-26 16:16,,Salary - Regular,0.00,8365.02,554277.73
621,2020-12-27,2020-12-27 05:07,,Groceries - Supermarket,772.00,0.00,553505.73
622,2020-12-27,2020-12-27 22:57,,Salary - Regular,0.00,12061.15,565566.88
623,2020-12-27,2020-12-27 14:54,,Groceries - Online Delivery,309.83,0.00,565257.05
624,2020-12-27,2020-12-27 12:51,,Loan EMI,6093.15,0.00,559163.90
625,2020-12-28,2020-12-28 05:35,,Groceries - Online Delivery,288.29,0.00,558875.61
626,2020-12-28,2020-12-28 23:39,,Utilities - Electricity,392.14,0.00,558483.47
627,2020-12-29,2020-12-29 22:16,,Dining - Fine Dining,1389.83,0.00,557093.64
628,2020-12-30,2020-12-30 02:07,,Dining - Fine Dining,948.18,0.00,556145.46
629,2021-01-01,2021-01-01 02:27,,Fuel,67.75,0.00,556077.71
630,2021-01-01,2021-01-01 06:38,,Investment - Stocks,3473.95,0.00,552603.76
631,2021-01-02,2021-01-02 07:51,,Coffee Shop,22.11,0.00,552581.65
632,2021-01-02,2021-01-02 04:32,,Entertainment - Concerts,1543.44,0.00,551038.21
633,2021-01-02,2021-01-02 13:07,,Investment Returns - Stocks,0.00,8470.45,559508.66
634,2021-01-02,2021-01-02 09:28,,Loan EMI,2473.35,0.00,557035.31
635,2021-01-04,2021-01-04 08:10,,Utilities - Water,68.31,0.00,556967.00
636,2021-01-05,2021-01-05 21:47,,Groceries - Supermarket,289.37,0.00,556677.63
637,2021-01-05,2021-01-05 06:11,,Investment Returns - Crypto,0.00,261.58,556939.21
638,2021-01-05,2021-01-05 03:25,,Salary - Bonus,0.00,9689.95,566629.16
639,2021-01-06,2021-01-06 18:33,,Salary - Regular,0.00,4490.11,571119.27
640,2021-01-06,2021-01-06 03:13,,Investment Returns - Stocks,0.00,278.14,571397.41
641,2021-01-07,2021-01-07 21:00,,Groceries - Supermarket,147.85,0.00,571249.56
642,2021-01-08,2021-01-08 01:33,,Investment - Stocks,5347.01,0.00,565902.55
643,2021-01-08,2021-01-08 19:19,,Coffee Shop,27.95,0.00,565874.60
644,2021-01-10,2021-01-10 18:22,,Salary - Regular,0.00,6816.40,572691.00
645,2021-01-10,2021-01-10 23:50,,Fuel,45.95,0.00,572645.05
646,2021-01-11,2021-01-11 10:12,,Cashback,0.00,170.93,572815.98
647,2021-01-12,2021-01-12 07:05,,Salary - Regular,0.00,4708.73,577524.71
648,2021-01-12,2021-01-12 06:21,,Rental Income,0.00,3933.13,581457.84
649,2021-01-12,2021-01-12 13:57,,Groceries - Supermarket,327.75,0.00,581130.09
650,2021-01-13,2021-01-13 13:14,,Coffee Shop,21.58,0.00,581108.51
651,2021-01-13,2021-01-13 07:55,,Public Transport,4.24,0.00,581104.27
652,2021-01-13,2021-01-13 12:11,,Loan EMI,2974.90,0.00,578129.37
653,2021-01-14,2021-01-14 03:38,,Fuel,37.44,0.00,578091.93
654,2021-01-15,2021-01-15 23:03,,Fuel,51.70,0.00,578040.23
655,2021-01-15,2021-01-15 07:19,,Rental Income,0.00,4140.59,582180.82
656,2021-01-15,2021-01-15 21:20,,Freelance Income,0.00,973.55,583154.37
657,2021-01-15,2021-01-15 07:11,,Rental Income,0.00,1978.89,585133.26
658,2021-01-16,2021-01-16 22:39,,Cashback,0.00,215.51,585348.77
659,2021-01-16,2021-01-16 13:01,,Rental Income,0.00,2882.26,588231.03
660,2021-01-17,2021-01-17 10:37,,Salary - Regular,0.00,5148.86,593379.89
661,2021-01-18,2021-01-18 19:28,,Utilities - Electricity,301.12,0.00,593078.77
662,2021-01-18,2021-01-18 19:12,,Investment Returns - Crypto,0.00,2393.15,595471.92
663,2021-01-18,2021-01-18 04:34,,Groceries - Online Delivery,129.14,0.00,595342.78
664,2021-01-19,2021-01-19 23:07,,Dining - Fine Dining,725.91,0.00,594616.87
665,2021-01-19,2021-01-19 14:16,,Freelance Income,0.00,1845.04,596461.91
666,2021-01-19,2021-01-19 20:51,,Dividends,0.00,1256.03,597717.94
667,2021-01-20,2021-01-20 19:54,,Fuel,71.37,0.00,597646.57
668,2021-01-20,2021-01-20 15:46,,Loan EMI,2475.02,0.00,595171.55
669,2021-01-20,2021-01-20 18:24,,Groceries - Supermarket,160.11,0.00,595011.44
670,2021-01-21,2021-01-21 08:09,,Cashback,0.00,133.11,595144.55
671,2021-01-22,2021-01-22 08:31,,Rental Income,0.00,4765.98,599910.53
672,2021-01-23,2021-01-23 14:54,,Coffee Shop,34.64,0.00,599875.89
673,2021-01-23,2021-01-23 15:19,,Freelance Income,0.00,5380.29,605256.18
674,2021-01-24,2021-01-24 14:41,,Dividends,0.00,1407.50,606663.68
675,2021-01-24,2021-01-24 02:16,,Groceries - Supermarket,549.81,0.00,606113.87
676,2021-01-24,2021-01-24 22:51,,Salary - Regular,0.00,4360.42,610474.29
677,2021-01-24,2021-01-24 06:22,,Salary - Regular,0.00,5573.25,616047.54
678,2021-01-25,2021-01-25 14:41,,Entertainment - Movies,37.05,0.00,616010.49
679,2021-01-25,2021-01-25 16:15,,Investment - Crypto,749.45,0.00,615261.04
680,2021-01-25,2021-01-25 03:45,,Dining - Casual Restaurant,72.13,0.00,615188.91
681,2021-01-25,2021-01-25 14:11,,Coffee Shop,12.16,0.00,615176.75
682,2021-01-26,2021-01-26 08:48,,Rental Income,0.00,2586.44,617763.19
683,2021-01-26,2021-01-26 23:16,,Dining - Fine Dining,746.55,0.00,617016.64
684,2021-01-27,2021-01-27 03:48,,Fuel,74.90,0.00,616941.74
685,2021-01-29,2021-01-29 13:08,,Groceries - Online Delivery,233.20,0.00,616708.54
686,2021-01-29,2021-01-29 19:12,,Groceries - Supermarket,139.23,0.00,616569.31
687,2021-01-30,2021-01-30 10:23,,Groceries - Supermarket,276.56,0.00,616292.75
688,2021-01-31,2021-01-31 16:30,,Healthcare - Regular,521.36,0.00,615771.39
689,2021-01-31,2021-01-31 15:28,,Groceries - Supermarket,414.70,0.00,615356.69
690,2021-02-01,2021-02-01 08:30,,Groceries - Online Delivery,165.13,0.00,615191.56
691,2021-02-02,2021-02-02 01:40,,Salary - Bonus,0.00,4443.05,619634.61
692,2021-02-03,2021-02-03 18:16,,Groceries - Online Delivery,176.52,0.00,619458.09
693,2021-02-04,2021-02-04 03:30,,Entertainment - Movies,56.35,0.00,619401.74
694,2021-02-04,2021-02-04 07:32,,Healthcare - Regular,207.79,0.00,619193.95
695,2021-02-04,2021-02-04 05:33,,Groceries - Online Delivery,268.17,0.00,618925.78
696,2021-02-04,2021-02-04 13:14,,Investment Returns - Stocks,0.00,6197.46,625123.24
697,2021-02-05,2021-02-05 19:38,,Entertainment - Movies,64.94,0.00,625058.30
698,2021-02-05,2021-02-05 22:29,,Groceries - Supermarket,191.14,0.00,624867.16
699,2021-02-06,2021-02-06 06:43,,Healthcare - Regular,389.48,0.00,624477.68
700,2021-02-07,2021-02-07 07:07,,Entertainment - Concerts,430.96,0.00,624046.72
701,2021-02-07,2021-02-07 12:08,,Entertainment - Concerts,703.38,0.00,623343.34
702,2021-02-07,2021-02-07 15:53,,Dining - Casual Restaurant,131.07,0.00,623212.27
703,2021-02-08,2021-02-08 04:36,,Coffee Shop,26.51,0.00,623185.76
704,2021-02-08,2021-02-08 10:46,,Salary - Regular,0.00,3277.99,626463.75
705,2021-02-09,2021-02-09 23:01,,Groceries - Online Delivery,123.77,0.00,626339.98
706,2021-02-09,2021-02-09 07:54,,Freelance Income,0.00,1602.25,627942.23
707,2021-02-10,2021-02-10 20:13,,Entertainment - Movies,69.19,0.00,627873.04
708,2021-02-10,2021-02-10 20:42,,Salary - Regular,0.00,3610.85,631483.89
709,2021-02-11,2021-02-11 01:47,,Dining - Casual Restaurant,222.19,0.00,631261.70
710,2021-02-12,2021-02-12 15:11,,Investment Returns - Stocks,0.00,3384.48,634646.18
711,2021-02-13,2021-02-13 16:50,,Groceries - Supermarket,360.75,0.00,634285.43
712,2021-02-13,2021-02-13 15:40,,Dividends,0.00,563.02,634848.45
713,2021-02-14,2021-02-14 07:19,,Dining - Casual Restaurant,132.26,0.00,634716.19
714,2021-02-14,2021-02-14 07:49,,Coffee Shop,25.30,0.00,634690.89
715,2021-02-15,2021-02-15 21:00,,Fuel,43.06,0.00,634647.83
716,2021-02-15,2021-02-15 22:23,,Public Transport,17.20,0.00,634630.63
717,2021-02-16,2021-02-16 13:26,,Freelance Income,0.00,5469.29,640099.92
718,2021-02-17,2021-02-17 21:44,,Fuel,43.76,0.00,640056.16
719,2021-02-17,2021-02-17 20:40,,Investment - Crypto,6432.27,0.00,633623.89
720,2021-02-19,2021-02-19 14:48,,Groceries - Supermarket,140.26,0.00,633483.63
721,2021-02-20,2021-02-20 16:41,,Salary - Regular,0.00,3423.77,636907.40
722,2021-02-20,2021-02-20 05:36,,Dining - Casual Restaurant,275.38,0.00,636632.02
723,2021-02-21,2021-02-21 00:30,,Cashback,0.00,323.20,636955.22
724,2021-02-21,2021-02-21 21:59,,Groceries - Supermarket,479.37,0.00,636475.85
725,2021-02-21,2021-02-21 20:19,,Salary - Bonus,0.00,7613.32,644089.17
726,2021-02-22,2021-02-22 16:23,,Salary - Bonus,0.00,20762.79,664851.96
727,2021-02-23,2021-02-23 15:40,,Freelance Income,0.00,6984.40,671836.36
728,2021-02-23,2021-02-23 12:32,,Freelance Income,0.00,3481.51,675317.87
729,2021-02-24,2021-02-24 13:27,,Utilities - Electricity,317.07,0.00,675000.80
730,2021-02-25,2021-02-25 12:14,,Groceries - Supermarket,422.78,0.00,674578.02
731,2021-02-25,2021-02-25 00:44,,Healthcare - Regular,87.68,0.00,674490.34
732,2021-02-25,2021-02-25 21:47,,Loan EMI,4792.10,0.00,669698.24
733,2021-02-26,2021-02-26 14:02,,Dividends,0.00,779.71,670477.95
734,2021-02-26,2021-02-26 01:30,,Groceries - Supermarket,315.04,0.00,670162.91
735,2021-02-27,2021-02-27 01:18,,Investment Returns - Stocks,0.00,7623.69,677786.60
736,2021-02-28,2021-02-28 10:31,,Entertainment - Concerts,231.36,0.00,677555.24
737,2021-03-01,2021-03-01 12:14,,Fuel,65.09,0.00,677490.15
738,2021-03-01,2021-03-01 16:53,,Dining - Casual Restaurant,184.04,0.00,677306.11
739,2021-03-02,2021-03-02 09:30,,Groceries - Supermarket,157.23,0.00,677148.88
740,2021-03-02,2021-03-02 03:56,,Healthcare - Regular,57.28,0.00,677091.60
741,2021-03-03,2021-03-03 16:19,,Groceries - Supermarket,312.32,0.00,676779.28
742,2021-03-04,2021-03-04 22:20,,Entertainment - Movies,28.63,0.00,676750.65
743,2021-03-04,2021-03-04 06:43,,Utilities - Electricity,162.35,0.00,676588.30
744,2021-03-05,2021-03-05 02:04,,Groceries - Online Delivery,98.29,0.00,676490.01
745,2021-03-06,2021-03-06 08:55,,Coffee Shop,27.38,0.00,676462.63
746,2021-03-06,2021-03-06 00:06,,Public Transport,15.94,0.00,676446.69
747,2021-03-06,2021-03-06 13:15,,Salary - Regular,0.00,5028.39,681475.08
748,2021-03-07,2021-03-07 08:35,,Groceries - Supermarket,359.62,0.00,681115.46
749,2021-03-08,2021-03-08 17:59,,Groceries - Online Delivery,234.09,0.00,680881.37
750,2021-03-08,2021-03-08 04:58,,Entertainment - Movies,27.55,0.00,680853.82
751,2021-03-08,2021-03-08 09:18,,Utilities - Water,64.63,0.00,680789.19
752,2021-03-08,2021-03-08 03:04,,Entertainment - Concerts,422.73,0.00,680366.46
753,2021-03-09,2021-03-09 09:47,,Groceries - Online Delivery,124.27,0.00,680242.19
754,2021-03-09,2021-03-09 09:16,,Dining - Fine Dining,501.38,0.00,679740.81
755,2021-03-10,2021-03-10 08:55,,Entertainment - Concerts,470.12,0.00,679270.69
756,2021-03-10,2021-03-10 05:06,,Fuel,85.28,0.00,679185.41
757,2021-03-11,2021-03-11 03:05,,Groceries - Online Delivery,163.35,0.00,679022.06
758,2021-03-12,2021-03-12 17:56,,Salary - Regular,0.00,7618.92,686640.98
759,2021-03-12,2021-03-12 12:24,,Healthcare - Emergency,1683.64,0.00,684957.34
760,2021-03-12,2021-03-12 16:22,,Utilities - Water,155.77,0.00,684801.57
761,2021-03-13,2021-03-13 07:30,,Fuel,101.59,0.00,684699.98
762,2021-03-13,2021-03-13 09:50,,Salary - Regular,0.00,4875.85,689575.83
763,2021-03-14,2021-03-14 11:09,,Loan EMI,3981.74,0.00,685594.09
764,2021-03-14,2021-03-14 09:17,,Dividends,0.00,405.92,686000.01
765,2021-03-15,2021-03-15 13:25,,Rental Income,0.00,2197.95,688197.96
766,2021-03-15,2021-03-15 04:13,,Salary - Regular,0.00,6906.41,695104.37
767,2021-03-16,2021-03-16 03:08,,Investment Returns - Crypto,0.00,1797.15,696901.52
768,2021-03-17,2021-03-17 00:39,,Rental Income,0.00,2626.67,699528.19
769,2021-03-17,2021-03-17 17:43,,Loan EMI,2636.56,0.00,696891.63
770,2021-03-18,2021-03-18 08:22,,Salary - Regular,0.00,6895.16,703786.79
771,2021-03-18,2021-03-18 18:12,,Loan EMI,1334.21,0.00,702452.58
772,2021-03-19,2021-03-19 19:20,,Public Transport,7.03,0.00,702445.55
773,2021-03-19,2021-03-19 05:18,,Dining - Fine Dining,405.21,0.00,702040.34
774,2021-03-19,2021-03-19 17:45,,Salary - Regular,0.00,4453.92,706494.26
775,2021-03-21,2021-03-21 21:55,,Healthcare - Regular,292.99,0.00,706201.27
776,2021-03-21,2021-03-21 03:40,,Groceries - Supermarket,149.85,0.00,706051.42
777,2021-03-22,2021-03-22 18:09,,Freelance Income,0.00,3939.47,709990.89
778,2021-03-23,2021-03-23 06:14,,Salary - Regular,0.00,6537.12,716528.01
779,2021-03-23,2021-03-23 23:23,,Groceries - Online Delivery,210.30,0.00,716317.71
780,2021-03-24,2021-03-24 23:07,,Investment Returns - Crypto,0.00,1529.33,717847.04
781,2021-03-24,2021-03-24 12:37,,Public Transport,14.73,0.00,717832.31
782,2021-03-25,2021-03-25 22:58,,Investment Returns - Crypto,0.00,1925.34,719757.65
783,2021-03-26,2021-03-26 12:16,,Utilities - Water,117.76,0.00,719639.89
784,2021-03-27,2021-03-27 06:13,,Fuel,135.99,0.00,719503.90
785,2021-03-27,2021-03-27 22:11,,Salary - Regular,0.00,6509.64,726013.54
786,2021-03-27,2021-03-27 15:46,,Dividends,0.00,100.01,726113.55
787,2021-03-28,2021-03-28 04:33,,Salary - Bonus,0.00,24875.05,750988.60
788,2021-03-28,2021-03-28 15:53,,Dining - Casual Restaurant,147.00,0.00,750841.60
789,2021-03-28,2021-03-28 00:41,,Salary - Bonus,0.00,23916.01,774757.61
790,2021-03-29,2021-03-29 08:26,,Investment Returns - Stocks,0.00,8951.39,783709.00
791,2021-03-30,2021-03-30 11:48,,Investment Returns - Crypto,0.00,3478.45,787187.45
792,2021-03-30,2021-03-30 16:12,,Dining - Casual Restaurant,124.35,0.00,787063.10
793,2021-03-30,2021-03-30 10:12,,Public Transport,3.08,0.00,787060.02
794,2021-03-31,2021-03-31 16:38,,Fuel,38.17,0.00,787021.85
795,2021-03-31,2021-03-31 19:39,,Investment Returns - Stocks,0.00,7218.92,794240.77
796,2021-04-01,2021-04-01 04:51,,Entertainment - Movies,46.25,0.00,794194.52
797,2021-04-01,2021-04-01 21:59,,Salary - Regular,0.00,3289.70,797484.22
798,2021-04-03,2021-04-03 13:15,,Groceries - Online Delivery,379.06,0.00,797105.16
799,2021-04-04,2021-04-04 10:29,,Groceries - Supermarket,481.50,0.00,796623.66
800,2021-04-04,2021-04-04 09:44,,Salary - Bonus,0.00,8645.05,805268.71
801,2021-04-04,2021-04-04 03:28,,Groceries - Supermarket,659.03,0.00,804609.68
802,2021-04-04,2021-04-04 16:43,,Loan EMI,3210.80,0.00,801398.88
803,2021-04-06,2021-04-06 00:10,,Freelance Income,0.00,886.41,802285.29
804,2021-04-06,2021-04-06 13:01,,Salary - Regular,0.00,5765.02,808050.31
805,2021-04-07,2021-04-07 14:20,,Dining - Casual Restaurant,222.19,0.00,807828.12
806,2021-04-08,2021-04-08 00:42,,Salary - Regular,0.00,7793.56,815621.68
807,2021-04-09,2021-04-09 16:04,,Freelance Income,0.00,1749.49,817371.17
808,2021-04-10,2021-04-10 15:54,,Salary - Bonus,0.00,8991.97,826363.14
809,2021-04-10,2021-04-10 19:28,,Investment Returns - Stocks,0.00,4390.92,830754.06
810,2021-04-10,2021-04-10 12:18,,Cashback,0.00,35.51,830789.57
811,2021-04-11,2021-04-11 08:03,,Groceries - Supermarket,521.62,0.00,830267.95
812,2021-04-11,2021-04-11 06:08,,Utilities - Electricity,420.95,0.00,829847.00
813,2021-04-11,2021-04-11 06:59,,Coffee Shop,34.50,0.00,829812.50
814,2021-04-12,2021-04-12 06:09,,Public Transport,6.74,0.00,829805.76
815,2021-04-13,2021-04-13 19:54,,Salary - Bonus,0.00,14986.54,844792.30
816,2021-04-13,2021-04-13 16:54,,Fuel,42.18,0.00,844750.12
817,2021-04-13,2021-04-13 10:50,,Cashback,0.00,124.43,844874.55
818,2021-04-14,2021-04-14 02:56,,Salary - Bonus,0.00,14834.33,859708.88
819,2021-04-14,2021-04-14 23:32,,Coffee Shop,6.78,0.00,859702.10
820,2021-04-15,2021-04-15 00:00,,Investment - Stocks,11156.31,0.00,848545.79
821,2021-04-15,2021-04-15 15:52,,Dining - Casual Restaurant,90.34,0.00,848455.45
822,2021-04-16,2021-04-16 21:01,,Rental Income,0.00,3551.76,852007.21
823,2021-04-16,2021-04-16 18:39,,Groceries - Online Delivery,187.68,0.00,851819.53
824,2021-04-17,2021-04-17 02:26,,Entertainment - Concerts,614.07,0.00,851205.46
825,2021-04-19,2021-04-19 02:05,,Fuel,48.62,0.00,851156.84
826,2021-04-19,2021-04-19 23:49,,Salary - Bonus,0.00,13714.11,864870.95
827,2021-04-19,2021-04-19 06:44,,Rental Income,0.00,2633.77,867504.72
828,2021-04-20,2021-04-20 02:19,,Groceries - Supermarket,105.37,0.00,867399.35
829,2021-04-21,2021-04-21 05:20,,Investment Returns - Stocks,0.00,1186.88,868586.23
830,2021-04-22,2021-04-22 21:27,,Coffee Shop,8.66,0.00,868577.57
831,2021-04-22,2021-04-22 19:34,,Loan EMI,2168.77,0.00,866408.80
832,2021-04-22,2021-04-22 18:13,,Public Transport,9.80,0.00,866399.00
833,2021-04-23,2021-04-23 14:14,,Rental Income,0.00,4759.81,871158.81
834,2021-04-23,2021-04-23 22:40,,Investment Returns - Stocks,0.00,4618.66,875777.47
835,2021-04-24,2021-04-24 23:00,,Utilities - Water,209.45,0.00,875568.02
836,2021-04-24,2021-04-24 22:12,,Loan EMI,3486.93,0.00,872081.09
837,2021-04-25,2021-04-25 12:59,,Coffee Shop,20.19,0.00,872060.90
838,2021-04-26,2021-04-26 13:30,,Salary - Regular,0.00,4419.89,876480.79
839,2021-04-26,2021-04-26 18:17,,Groceries - Supermarket,230.91,0.00,876249.88
840,2021-04-27,2021-04-27 15:09,,Fuel,42.18,0.00,876207.70
841,2021-04-28,2021-04-28 23:04,,Coffee Shop,32.08,0.00,876175.62
842,2021-04-29,2021-04-29 21:13,,Fuel,114.91,0.00,876060.71
843,2021-04-29,2021-04-29 20:17,,Investment - Stocks,1816.18,0.00,874244.53
844,2021-04-30,2021-04-30 14:31,,Freelance Income,0.00,2363.06,876607.59
845,2021-05-01,2021-05-01 18:05,,Dividends,0.00,413.26,877020.85
846,2021-05-01,2021-05-01 23:24,,Freelance Income,0.00,1390.37,878411.22
847,2021-05-01,2021-05-01 15:15,,Dividends,0.00,870.49,879281.71
848,2021-05-02,2021-05-02 09:15,,Salary - Bonus,0.00,12823.70,892105.41
849,2021-05-03,2021-05-03 08:52,,Groceries - Supermarket,236.48,0.00,891868.93
850,2021-05-03,2021-05-03 10:30,,Groceries - Online Delivery,88.45,0.00,891780.48
851,2021-05-03,2021-05-03 18:06,,Loan EMI,1890.30,0.00,889890.18
852,2021-05-04,2021-05-04 01:27,,Salary - Regular,0.00,3548.15,893438.33
853,2021-05-04,2021-05-04 16:04,,Dining - Casual Restaurant,170.78,0.00,893267.55
854,2021-05-04,2021-05-04 02:44,,Salary - Regular,0.00,8132.06,901399.61
855,2021-05-05,2021-05-05 02:05,,Fuel,69.40,0.00,901330.21
856,2021-05-05,2021-05-05 00:26,,Loan EMI,1854.81,0.00,899475.40
857,2021-05-06,2021-05-06 15:49,,Investment Returns - Crypto,0.00,207.53,899682.93
858,2021-05-07,2021-05-07 01:57,,Salary - Regular,0.00,6563.19,906246.12
859,2021-05-07,2021-05-07 17:35,,Dining - Fine Dining,742.22,0.00,905503.90
860,2021-05-07,2021-05-07 17:23,,Loan EMI,1506.56,0.00,903997.34
861,2021-05-08,2021-05-08 20:52,,Salary - Regular,0.00,5342.42,909339.76
862,2021-05-08,2021-05-08 18:02,,Investment - Stocks,6365.07,0.00,902974.69
863,2021-05-09,2021-05-09 19:21,,Dining - Casual Restaurant,257.43,0.00,902717.26
864,2021-05-09,2021-05-09 17:16,,Investment Returns - Stocks,0.00,7681.46,910398.72
865,2021-05-10,2021-05-10 09:25,,Rental Income,0.00,4421.23,914819.95
866,2021-05-10,2021-05-10 15:14,,Dividends,0.00,1164.44,915984.39
867,2021-05-12,2021-05-12 09:48,,Groceries - Online Delivery,128.53,0.00,915855.86
868,2021-05-13,2021-05-13 04:05,,Coffee Shop,7.61,0.00,915848.25
869,2021-05-13,2021-05-13 14:16,,Public Transport,9.68,0.00,915838.57
870,2021-05-14,2021-05-14 13:08,,Public Transport,12.70,0.00,915825.87
871,2021-05-14,2021-05-14 21:18,,Groceries - Supermarket,293.04,0.00,915532.83
872,2021-05-14,2021-05-14 13:17,,Public Transport,15.03,0.00,915517.80
873,2021-05-15,2021-05-15 21:07,,Rental Income,0.00,1882.07,917399.87
874,2021-05-15,2021-05-15 11:12,,Groceries - Supermarket,124.40,0.00,917275.47
875,2021-05-15,2021-05-15 02:12,,Dining - Casual Restaurant,80.48,0.00,917194.99
876,2021-05-16,2021-05-16 19:54,,Rental Income,0.00,3579.32,920774.31
877,2021-05-17,2021-05-17 01:20,,Public Transport,3.27,0.00,920771.04
878,2021-05-18,2021-05-18 14:33,,Dining - Fine Dining,584.68,0.00,920186.36
879,2021-05-19,2021-05-19 13:33,,Investment Returns - Stocks,0.00,3584.59,923770.95
880,2021-05-20,2021-05-20 05:07,,Groceries - Supermarket,297.24,0.00,923473.71
881,2021-05-20,2021-05-20 02:01,,Salary - Regular,0.00,7165.43,930639.14
882,2021-05-20,2021-05-20 08:12,,Investment Returns - Stocks,0.00,7603.32,938242.46
883,2021-05-21,2021-05-21 01:54,,Salary - Regular,0.00,6822.03,945064.49
884,2021-05-22,2021-05-22 21:11,,Cashback,0.00,312.23,945376.72
885,2021-05-22,2021-05-22 13:01,,Groceries - Online Delivery,389.77,0.00,944986.95
886,2021-05-23,2021-05-23 03:53,,Public Transport,20.58,0.00,944966.37
887,2021-05-23,2021-05-23 21:50,,Coffee Shop,17.63,0.00,944948.74
888,2021-05-24,2021-05-24 22:52,,Dividends,0.00,1070.70,946019.44
889,2021-05-25,2021-05-25 07:50,,Dining - Casual Restaurant,181.31,0.00,945838.13
890,2021-05-26,2021-05-26 13:21,,Fuel,82.96,0.00,945755.17
891,2021-05-26,2021-05-26 10:15,,Healthcare - Emergency,1524.98,0.00,944230.19
892,2021-05-26,2021-05-26 21:55,,Dining - Fine Dining,749.25,0.00,943480.94
893,2021-05-26,2021-05-26 16:25,,Entertainment - Movies,70.05,0.00,943410.89
894,2021-05-27,2021-05-27 12:02,,Investment Returns - Crypto,0.00,640.31,944051.20
895,2021-05-28,2021-05-28 13:50,,Salary - Regular,0.00,3577.57,947628.77
896,2021-05-28,2021-05-28 10:43,,Dining - Casual Restaurant,84.17,0.00,947544.60
897,2021-05-29,2021-05-29 05:11,,Groceries - Online Delivery,416.55,0.00,947128.05
898,2021-05-29,2021-05-29 06:11,,Salary - Regular,0.00,4033.54,951161.59
899,2021-05-29,2021-05-29 02:35,,Rental Income,0.00,3273.93,954435.52
900,2021-05-30,2021-05-30 03:48,,Healthcare - Emergency,2733.06,0.00,951702.46
901,2021-05-31,2021-05-31 05:11,,Rental Income,0.00,3116.30,954818.76
902,2021-05-31,2021-05-31 12:08,,Entertainment - Concerts,504.48,0.00,954314.28
903,2021-06-01,2021-06-01 10:33,,Utilities - Water,84.56,0.00,954229.72
904,2021-06-02,2021-06-02 10:47,,Investment Returns - Crypto,0.00,5994.25,960223.97
905,2021-06-02,2021-06-02 09:09,,Investment - Crypto,3998.94,0.00,956225.03
906,2021-06-03,2021-06-03 04:30,,Groceries - Online Delivery,138.08,0.00,956086.95
907,2021-06-03,2021-06-03 04:53,,Dining - Casual Restaurant,138.37,0.00,955948.58
908,2021-06-03,2021-06-03 01:00,,Loan EMI,1686.28,0.00,954262.30
909,2021-06-04,2021-06-04 03:54,,Freelance Income,0.00,2486.48,956748.78
910,2021-06-04,2021-06-04 21:02,,Healthcare - Regular,167.00,0.00,956581.78
911,2021-06-05,2021-06-05 21:45,,Dining - Casual Restaurant,304.73,0.00,956277.05
912,2021-06-05,2021-06-05 02:32,,Groceries - Supermarket,253.07,0.00,956023.98
913,2021-06-05,2021-06-05 07:20,,Coffee Shop,41.28,0.00,955982.70
914,2021-06-06,2021-06-06 08:10,,Rental Income,0.00,2127.73,958110.43
915,2021-06-06,2021-06-06 04:16,,Groceries - Supermarket,346.48,0.00,957763.95
916,2021-06-07,2021-06-07 11:17,,Coffee Shop,15.68,0.00,957748.27
917,2021-06-08,2021-06-08 18:24,,Public Transport,3.69,0.00,957744.58
918,2021-06-08,2021-06-08 05:52,,Fuel,94.17,0.00,957650.41
919,2021-06-08,2021-06-08 05:13,,Investment Returns - Stocks,0.00,1488.76,959139.17
920,2021-06-08,2021-06-08 04:52,,Entertainment - Movies,49.46,0.00,959089.71
921,2021-06-09,2021-06-09 04:35,,Investment - Stocks,11819.93,0.00,947269.78
922,2021-06-10,2021-06-10 07:40,,Groceries - Online Delivery,183.52,0.00,947086.26
923,2021-06-11,2021-06-11 14:09,,Dining - Fine Dining,725.87,0.00,946360.39
924,2021-06-12,2021-06-12 15:03,,Groceries - Supermarket,601.36,0.00,945759.03
925,2021-06-15,2021-06-15 06:35,,Freelance Income,0.00,736.54,946495.57
926,2021-06-15,2021-06-15 14:47,,Public Transport,2.04,0.00,946493.53
927,2021-06-16,2021-06-16 08:04,,Salary - Regular,0.00,4361.97,950855.50
928,2021-06-16,2021-06-16 08:31,,Salary - Regular,0.00,4164.80,955020.30
929,2021-06-17,2021-06-17 00:40,,Salary - Regular,0.00,5144.51,960164.81
930,2021-06-17,2021-06-17 05:31,,Salary - Regular,0.00,3071.08,963235.89
931,2021-06-18,2021-06-18 17:11,,Public Transport,4.16,0.00,963231.73
932,2021-06-19,2021-06-19 19:58,,Groceries - Online Delivery,159.54,0.00,963072.19
933,2021-06-20,2021-06-20 18:00,,Coffee Shop,8.15,0.00,963064.04
934,2021-06-20,2021-06-20 06:51,,Public Transport,7.33,0.00,963056.71
935,2021-06-20,2021-06-20 16:41,,Rental Income,0.00,3706.04,966762.75
936,2021-06-21,2021-06-21 16:42,,Healthcare - Regular,175.08,0.00,966587.67
937,2021-06-21,2021-06-21 21:48,,Dining - Casual Restaurant,184.60,0.00,966403.07
938,2021-06-21,2021-06-21 02:22,,Public Transport,2.06,0.00,966401.01
939,2021-06-22,2021-06-22 06:39,,Dining - Casual Restaurant,106.35,0.00,966294.66
940,2021-06-24,2021-06-24 08:15,,Fuel,49.42,0.00,966245.24
941,2021-06-25,2021-06-25 07:58,,Public Transport,1.97,0.00,966243.27
942,2021-06-27,2021-06-27 21:14,,Utilities - Water,187.79,0.00,966055.48
943,2021-06-29,2021-06-29 00:49,,Cashback,0.00,109.10,966164.58
944,2021-06-29,2021-06-29 08:27,,Groceries - Supermarket,294.63,0.00,965869.95
945,2021-06-29,2021-06-29 21:42,,Salary - Regular,0.00,5257.73,971127.68
946,2021-06-30,2021-06-30 15:35,,Rental Income,0.00,3366.91,974494.59
947,2021-06-30,2021-06-30 13:35,,Fuel,67.84,0.00,974426.75
948,2021-07-01,2021-07-01 04:31,,Groceries - Supermarket,326.52,0.00,974100.23
949,2021-07-01,2021-07-01 19:03,,Rental Income,0.00,3688.31,977788.54
950,2021-07-01,2021-07-01 07:31,,Fuel,44.18,0.00,977744.36
951,2021-07-01,2021-07-01 05:19,,Groceries - Online Delivery,101.27,0.00,977643.09
952,2021-07-02,2021-07-02 02:27,,Groceries - Online Delivery,140.38,0.00,977502.71
953,2021-07-02,2021-07-02 18:56,,Coffee Shop,10.13,0.00,977492.58
954,2021-07-02,2021-07-02 22:42,,Rental Income,0.00,2632.08,980124.66
955,2021-07-03,2021-07-03 20:21,,Investment Returns - Crypto,0.00,3627.87,983752.53
956,2021-07-04,2021-07-04 21:19,,Coffee Shop,13.55,0.00,983738.98
957,2021-07-04,2021-07-04 16:17,,Groceries - Online Delivery,189.62,0.00,983549.36
958,2021-07-04,2021-07-04 14:58,,Dining - Casual Restaurant,135.83,0.00,983413.53
959,2021-07-04,2021-07-04 18:51,,Freelance Income,0.00,2577.42,985990.95
960,2021-07-05,2021-07-05 08:14,,Fuel,64.50,0.00,985926.45
961,2021-07-07,2021-07-07 14:45,,Investment Returns - Crypto,0.00,243.74,986170.19
962,2021-07-08,2021-07-08 13:32,,Rental Income,0.00,1637.31,987807.50
963,2021-07-08,2021-07-08 18:13,,Loan EMI,1923.33,0.00,985884.17
964,2021-07-09,2021-07-09 22:37,,Cashback,0.00,116.55,986000.72
965,2021-07-10,2021-07-10 17:10,,Dining - Casual Restaurant,104.54,0.00,985896.18
966,2021-07-11,2021-07-11 15:20,,Public Transport,3.81,0.00,985892.37
967,2021-07-11,2021-07-11 22:02,,Groceries - Supermarket,278.25,0.00,985614.12
968,2021-07-12,2021-07-12 15:42,,Entertainment - Movies,15.00,0.00,985599.12
969,2021-07-12,2021-07-12 11:33,,Investment Returns - Stocks,0.00,8072.12,993671.24
970,2021-07-13,2021-07-13 07:44,,Dining - Fine Dining,185.57,0.00,993485.67
971,2021-07-13,2021-07-13 19:50,,Fuel,65.29,0.00,993420.38
972,2021-07-14,2021-07-14 08:45,,Dining - Fine Dining,692.85,0.00,992727.53
973,2021-07-15,2021-07-15 21:29,,Public Transport,19.61,0.00,992707.92
974,2021-07-15,2021-07-15 00:40,,Coffee Shop,16.45,0.00,992691.47
975,2021-07-15,2021-07-15 20:28,,Dining - Casual Restaurant,81.99,0.00,992609.48
976,2021-07-16,2021-07-16 08:16,,Dining - Casual Restaurant,83.82,0.00,992525.66
977,2021-07-16,2021-07-16 21:04,,Dining - Casual Restaurant,91.74,0.00,992433.92
978,2021-07-16,2021-07-16 02:31,,Groceries - Supermarket,298.93,0.00,992134.99
979,2021-07-17,2021-07-17 17:00,,Healthcare - Regular,52.37,0.00,992082.62
980,2021-07-17,2021-07-17 15:17,,Investment Returns - Stocks,0.00,2298.40,994381.02
981,2021-07-18,2021-07-18 04:12,,Coffee Shop,29.57,0.00,994351.45
982,2021-07-18,2021-07-18 11:50,,Salary - Bonus,0.00,16730.91,1011082.36
983,2021-07-19,2021-07-19 03:15,,Loan EMI,829.52,0.00,1010252.84
984,2021-07-20,2021-07-20 02:32,,Dividends,0.00,243.16,1010496.00
985,2021-07-21,2021-07-21 01:01,,Investment Returns - Crypto,0.00,881.90,1011377.90
986,2021-07-21,2021-07-21 04:45,,Public Transport,6.78,0.00,1011371.12
987,2021-07-23,2021-07-23 18:27,,Salary - Regular,0.00,5376.00,1016747.12
988,2021-07-24,2021-07-24 16:38,,Dining - Fine Dining,652.85,0.00,1016094.27
989,2021-07-24,2021-07-24 02:14,,Groceries - Supermarket,211.85,0.00,1015882.42
990,2021-07-25,2021-07-25 07:06,,Investment Returns - Crypto,0.00,2020.50,1017902.92
991,2021-07-25,2021-07-25 14:44,,Salary - Regular,0.00,3004.24,1020907.16
992,2021-07-26,2021-07-26 01:12,,Utilities - Water,57.42,0.00,1020849.74
993,2021-07-26,2021-07-26 09:10,,Dining - Casual Restaurant,154.77,0.00,1020694.97
994,2021-07-27,2021-07-27 06:18,,Entertainment - Movies,47.49,0.00,1020647.48
995,2021-07-28,2021-07-28 20:12,,Loan EMI,1660.04,0.00,1018987.44
996,2021-07-29,2021-07-29 17:31,,Salary - Regular,0.00,3233.90,1022221.34
997,2021-07-29,2021-07-29 12:49,,Salary - Regular,0.00,5954.19,1028175.53
998,2021-07-29,2021-07-29 17:38,,Coffee Shop,5.86,0.00,1028169.67
999,2021-07-29,2021-07-29 17:19,,Groceries - Online Delivery,197.42,0.00,1027972.25
1000,2021-07-30,2021-07-30 10:21,,Salary - Regular,0.00,6034.38,1034006.63
1001,2021-07-30,2021-07-30 00:57,,Fuel,58.27,0.00,1033948.36
1002,2021-07-30,2021-07-30 16:28,,Fuel,41.11,0.00,1033907.25
1003,2021-08-01,2021-08-01 08:04,,Salary - Regular,0.00,4030.19,1037937.44
1004,2021-08-02,2021-08-02 20:30,,Loan EMI,1214.23,0.00,1036723.21
1005,2021-08-03,2021-08-03 17:46,,Public Transport,8.67,0.00,1036714.54
1006,2021-08-03,2021-08-03 07:12,,Public Transport,17.18,0.00,1036697.36
1007,2021-08-03,2021-08-03 07:31,,Groceries - Supermarket,314.19,0.00,1036383.17
1008,2021-08-04,2021-08-04 14:56,,Entertainment - Movies,54.79,0.00,1036328.38
1009,2021-08-04,2021-08-04 04:49,,Investment Returns - Crypto,0.00,2533.88,1038862.26
1010,2021-08-04,2021-08-04 04:22,,Dining - Fine Dining,727.61,0.00,1038134.65
1011,2021-08-04,2021-08-04 19:33,,Fuel,30.16,0.00,1038104.49
1012,2021-08-05,2021-08-05 23:37,,Healthcare - Regular,167.53,0.00,1037936.96
1013,2021-08-06,2021-08-06 22:25,,Salary - Regular,0.00,4725.94,1042662.90
1014,2021-08-06,2021-08-06 22:40,,Entertainment - Movies,93.78,0.00,1042569.12
1015,2021-08-06,2021-08-06 08:31,,Fuel,83.06,0.00,1042486.06
1016,2021-08-07,2021-08-07 02:28,,Fuel,114.58,0.00,1042371.48
1017,2021-08-08,2021-08-08 20:14,,Salary - Regular,0.00,7422.95,1049794.43
1018,2021-08-08,2021-08-08 22:31,,Groceries - Supermarket,434.85,0.00,1049359.58
1019,2021-08-09,2021-08-09 00:57,,Rental Income,0.00,4039.11,1053398.69
1020,2021-08-09,2021-08-09 03:11,,Rental Income,0.00,4344.33,1057743.02
1021,2021-08-10,2021-08-10 21:49,,Groceries - Online Delivery,180.24,0.00,1057562.78
1022,2021-08-11,2021-08-11 16:30,,Salary - Regular,0.00,7383.52,1064946.30
1023,2021-08-11,2021-08-11 23:09,,Groceries - Supermarket,375.51,0.00,1064570.79
1024,2021-08-11,2021-08-11 04:09,,Freelance Income,0.00,2346.33,1066917.12
1025,2021-08-12,2021-08-12 17:32,,Cashback,0.00,124.46,1067041.58
1026,2021-08-13,2021-08-13 01:51,,Entertainment - Concerts,943.61,0.00,1066097.97
1027,2021-08-14,2021-08-14 02:24,,Rental Income,0.00,3159.28,1069257.25
1028,2021-08-15,2021-08-15 10:06,,Rental Income,0.00,3106.71,1072363.96
1029,2021-08-16,2021-08-16 15:12,,Investment Returns - Stocks,0.00,3830.23,1076194.19
1030,2021-08-17,2021-08-17 10:47,,Loan EMI,3093.64,0.00,1073100.55
1031,2021-08-17,2021-08-17 00:00,,Utilities - Water,83.91,0.00,1073016.64
1032,2021-08-18,2021-08-18 18:54,,Loan EMI,1299.92,0.00,1071716.72
1033,2021-08-19,2021-08-19 11:37,,Loan EMI,828.44,0.00,1070888.28
1034,2021-08-21,2021-08-21 19:03,,Groceries - Supermarket,176.17,0.00,1070712.11
1035,2021-08-22,2021-08-22 05:28,,Public Transport,29.39,0.00,1070682.72
1036,2021-08-23,2021-08-23 00:32,,Healthcare - Regular,316.69,0.00,1070366.03
1037,2021-08-23,2021-08-23 18:19,,Salary - Regular,0.00,6364.05,1076730.08
1038,2021-08-23,2021-08-23 07:04,,Salary - Regular,0.00,7355.68,1084085.76
1039,2021-08-24,2021-08-24 17:10,,Salary - Bonus,0.00,22151.65,1106237.41
1040,2021-08-24,2021-08-24 20:44,,Groceries - Supermarket,220.57,0.00,1106016.84
1041,2021-08-24,2021-08-24 08:35,,Salary - Regular,0.00,6554.09,1112570.93
1042,2021-08-24,2021-08-24 19:26,,Salary - Regular,0.00,6273.31,1118844.24
1043,2021-08-25,2021-08-25 12:25,,Healthcare - Regular,152.59,0.00,1118691.65
1044,2021-08-26,2021-08-26 23:44,,Public Transport,16.40,0.00,1118675.25
1045,2021-08-26,2021-08-26 07:36,,Loan EMI,2006.04,0.00,1116669.21
1046,2021-08-26,2021-08-26 21:41,,Dining - Casual Restaurant,95.73,0.00,1116573.48
1047,2021-08-27,2021-08-27 20:28,,Groceries - Supermarket,272.06,0.00,1116301.42
1048,2021-08-27,2021-08-27 00:00,,Entertainment - Concerts,415.32,0.00,1115886.10
1049,2021-08-28,2021-08-28 07:44,,Entertainment - Concerts,563.01,0.00,1115323.09
1050,2021-08-29,2021-08-29 02:19,,Groceries - Online Delivery,378.26,0.00,1114944.83
1051,2021-08-29,2021-08-29 02:41,,Salary - Regular,0.00,4010.90,1118955.73
1052,2021-08-30,2021-08-30 11:10,,Loan EMI,1842.00,0.00,1117113.73
1053,2021-08-30,2021-08-30 14:15,,Salary - Bonus,0.00,20350.66,1137464.39
1054,2021-08-30,2021-08-30 14:02,,Salary - Bonus,0.00,24429.63,1161894.02
1055,2021-08-30,2021-08-30 01:51,,Salary - Regular,0.00,6139.07,1168033.09
1056,2021-08-31,2021-08-31 15:58,,Entertainment - Movies,76.00,0.00,1167957.09
1057,2021-08-31,2021-08-31 06:11,,Coffee Shop,31.33,0.00,1167925.76
1058,2021-08-31,2021-08-31 02:47,,Public Transport,10.53,0.00,1167915.23
1059,2021-09-01,2021-09-01 06:12,,Investment Returns - Crypto,0.00,1037.96,1168953.19
1060,2021-09-01,2021-09-01 19:10,,Dining - Casual Restaurant,57.61,0.00,1168895.58
1061,2021-09-01,2021-09-01 21:01,,Utilities - Electricity,194.42,0.00,1168701.16
1062,2021-09-02,2021-09-02 00:44,,Groceries - Online Delivery,140.63,0.00,1168560.53
1063,2021-09-02,2021-09-02 00:10,,Healthcare - Regular,237.24,0.00,1168323.29
1064,2021-09-03,2021-09-03 11:36,,Groceries - Online Delivery,191.22,0.00,1168132.07
1065,2021-09-03,2021-09-03 08:59,,Dining - Casual Restaurant,247.10,0.00,1167884.97
1066,2021-09-03,2021-09-03 18:36,,Dining - Casual Restaurant,130.17,0.00,1167754.80
1067,2021-09-03,2021-09-03 01:03,,Fuel,96.42,0.00,1167658.38
1068,2021-09-04,2021-09-04 22:20,,Investment - Stocks,11104.84,0.00,1156553.54
1069,2021-09-04,2021-09-04 16:31,,Salary - Regular,0.00,8017.65,1164571.19
1070,2021-09-05,2021-09-05 16:29,,Investment Returns - Crypto,0.00,958.00,1165529.19
1071,2021-09-06,2021-09-06 01:23,,Entertainment - Movies,42.21,0.00,1165486.98
1072,2021-09-06,2021-09-06 14:47,,Freelance Income,0.00,978.57,1166465.55
1073,2021-09-07,2021-09-07 20:36,,Healthcare - Regular,258.48,0.00,1166207.07
1074,2021-09-08,2021-09-08 15:53,,Loan EMI,3017.24,0.00,1163189.83
1075,2021-09-09,2021-09-09 22:24,,Coffee Shop,16.55,0.00,1163173.28
1076,2021-09-09,2021-09-09 11:16,,Salary - Bonus,0.00,24203.91,1187377.19
1077,2021-09-09,2021-09-09 18:20,,Utilities - Water,52.92,0.00,1187324.27
1078,2021-09-09,2021-09-09 22:41,,Salary - Regular,0.00,8105.67,1195429.94
1079,2021-09-10,2021-09-10 13:19,,Healthcare - Regular,59.62,0.00,1195370.32
1080,2021-09-11,2021-09-11 10:54,,Utilities - Water,121.19,0.00,1195249.13
1081,2021-09-11,2021-09-11 21:01,,Salary - Regular,0.00,3580.23,1198829.36
1082,2021-09-12,2021-09-12 06:11,,Salary - Regular,0.00,3921.01,1202750.37
1083,2021-09-12,2021-09-12 07:40,,Fuel,48.78,0.00,1202701.59
1084,2021-09-13,2021-09-13 17:21,,Investment Returns - Stocks,0.00,5099.26,1207800.85
1085,2021-09-13,2021-09-13 12:06,,Salary - Regular,0.00,3760.78,1211561.63
1086,2021-09-14,2021-09-14 13:40,,Groceries - Online Delivery,249.21,0.00,1211312.42
1087,2021-09-15,2021-09-15 05:30,,Groceries - Supermarket,454.05,0.00,1210858.37
1088,2021-09-15,2021-09-15 13:47,,Investment Returns - Crypto,0.00,90.22,1210948.59
1089,2021-09-15,2021-09-15 03:00,,Freelance Income,0.00,1186.03,1212134.62
1090,2021-09-16,2021-09-16 23:32,,Public Transport,4.27,0.00,1212130.35
1091,2021-09-16,2021-09-16 04:12,,Fuel,34.34,0.00,1212096.01
1092,2021-09-17,2021-09-17 05:46,,Healthcare - Regular,216.16,0.00,1211879.85
1093,2021-09-17,2021-09-17 12:30,,Groceries - Supermarket,132.34,0.00,1211747.51
1094,2021-09-18,2021-09-18 15:10,,Groceries - Online Delivery,290.17,0.00,1211457.34
1095,2021-09-19,2021-09-19 02:18,,Salary - Regular,0.00,4999.83,1216457.17
1096,2021-09-20,2021-09-20 07:34,,Dining - Fine Dining,214.95,0.00,1216242.22
1097,2021-09-20,2021-09-20 20:15,,Investment - Stocks,5584.11,0.00,1210658.11
1098,2021-09-20,2021-09-20 09:47,,Rental Income,0.00,1493.89,1212152.00
1099,2021-09-21,2021-09-21 14:20,,Dividends,0.00,331.16,1212483.16
1100,2021-09-21,2021-09-21 12:48,,Dining - Casual Restaurant,91.09,0.00,1212392.07
1101,2021-09-22,2021-09-22 10:22,,Entertainment - Concerts,427.60,0.00,1211964.47
1102,2021-09-22,2021-09-22 23:18,,Utilities - Electricity,159.36,0.00,1211805.11
1103,2021-09-22,2021-09-22 00:30,,Fuel,78.53,0.00,1211726.58
1104,2021-09-23,2021-09-23 12:45,,Entertainment - Movies,48.74,0.00,1211677.84
1105,2021-09-23,2021-09-23 23:32,,Fuel,46.94,0.00,1211630.90
1106,2021-09-24,2021-09-24 09:24,,Groceries - Online Delivery,239.91,0.00,1211390.99
1107,2021-09-24,2021-09-24 03:44,,Salary - Regular,0.00,6340.20,1217731.19
1108,2021-09-24,2021-09-24 21:01,,Freelance Income,0.00,2735.59,1220466.78
1109,2021-09-25,2021-09-25 17:17,,Coffee Shop,14.83,0.00,1220451.95
1110,2021-09-25,2021-09-25 08:50,,Loan EMI,3946.34,0.00,1216505.61
1111,2021-09-26,2021-09-26 16:26,,Freelance Income,0.00,850.47,1217356.08
1112,2021-09-27,2021-09-27 08:41,,Salary - Regular,0.00,3429.91,1220785.99
1113,2021-09-27,2021-09-27 19:23,,Salary - Regular,0.00,4105.04,1224891.03
1114,2021-09-28,2021-09-28 14:38,,Salary - Regular,0.00,6203.52,1231094.55
1115,2021-09-29,2021-09-29 20:00,,Groceries - Supermarket,304.30,0.00,1230790.25
1116,2021-09-30,2021-09-30 00:46,,Salary - Regular,0.00,3009.61,1233799.86
1117,2021-10-02,2021-10-02 02:29,,Groceries - Online Delivery,219.82,0.00,1233580.04
1118,2021-10-03,2021-10-03 03:12,,Freelance Income,0.00,4840.04,1238420.08
1119,2021-10-05,2021-10-05 00:52,,Investment Returns - Stocks,0.00,6427.37,1244847.45
1120,2021-10-05,2021-10-05 23:00,,Groceries - Online Delivery,274.71,0.00,1244572.74
1121,2021-10-06,2021-10-06 00:07,,Salary - Regular,0.00,7079.19,1251651.93
1122,2021-10-07,2021-10-07 05:07,,Salary - Regular,0.00,4056.68,1255708.61
1123,2021-10-08,2021-10-08 08:35,,Healthcare - Regular,193.54,0.00,1255515.07
1124,2021-10-08,2021-10-08 02:29,,Fuel,35.90,0.00,1255479.17
1125,2021-10-08,2021-10-08 02:59,,Healthcare - Regular,85.81,0.00,1255393.36
1126,2021-10-09,2021-10-09 02:58,,Salary - Regular,0.00,4532.62,1259925.98
1127,2021-10-09,2021-10-09 20:39,,Utilities - Electricity,218.29,0.00,1259707.69
1128,2021-10-10,2021-10-10 20:26,,Investment Returns - Stocks,0.00,11172.74,1270880.43
1129,2021-10-10,2021-10-10 02:30,,Rental Income,0.00,4869.28,1275749.71
1130,2021-10-10,2021-10-10 14:35,,Freelance Income,0.00,3223.77,1278973.48
1131,2021-10-10,2021-10-10 17:34,,Dining - Fine Dining,664.85,0.00,1278308.63
1132,2021-10-11,2021-10-11 03:20,,Dining - Fine Dining,645.26,0.00,1277663.37
1133,2021-10-11,2021-10-11 12:56,,Coffee Shop,13.40,0.00,1277649.97
1134,2021-10-11,2021-10-11 14:04,,Fuel,56.15,0.00,1277593.82
1135,2021-10-12,2021-10-12 14:07,,Dining - Casual Restaurant,131.78,0.00,1277462.04
1136,2021-10-12,2021-10-12 18:32,,Salary - Regular,0.00,3496.28,1280958.32
1137,2021-10-12,2021-10-12 09:37,,Freelance Income,0.00,1974.60,1282932.92
1138,2021-10-14,2021-10-14 21:00,,Loan EMI,1041.83,0.00,1281891.09
1139,2021-10-16,2021-10-16 15:25,,Investment Returns - Stocks,0.00,9644.24,1291535.33
1140,2021-10-18,2021-10-18 08:45,,Dining - Fine Dining,372.23,0.00,1291163.10
1141,2021-10-18,2021-10-18 16:18,,Freelance Income,0.00,2401.54,1293564.64
1142,2021-10-20,2021-10-20 23:24,,Utilities - Electricity,91.95,0.00,1293472.69
1143,2021-10-20,2021-10-20 10:48,,Salary - Regular,0.00,3120.11,1296592.80
1144,2021-10-20,2021-10-20 10:03,,Groceries - Supermarket,171.15,0.00,1296421.65
1145,2021-10-20,2021-10-20 12:10,,Investment Returns - Crypto,0.00,1074.78,1297496.43
1146,2021-10-21,2021-10-21 06:09,,Freelance Income,0.00,1801.93,1299298.36
1147,2021-10-21,2021-10-21 15:29,,Entertainment - Concerts,637.37,0.00,1298660.99
1148,2021-10-22,2021-10-22 21:37,,Salary - Regular,0.00,8167.86,1306828.85
1149,2021-10-23,2021-10-23 17:58,,Coffee Shop,45.68,0.00,1306783.17
1150,2021-10-24,2021-10-24 16:38,,Dining - Casual Restaurant,168.06,0.00,1306615.11
1151,2021-10-24,2021-10-24 07:18,,Dining - Casual Restaurant,102.80,0.00,1306512.31
1152,2021-10-26,2021-10-26 19:00,,Salary - Regular,0.00,3090.86,1309603.17
1153,2021-10-27,2021-10-27 05:23,,Groceries - Supermarket,286.46,0.00,1309316.71
1154,2021-10-27,2021-10-27 12:27,,Salary - Regular,0.00,7415.30,1316732.01
1155,2021-10-28,2021-10-28 10:42,,Freelance Income,0.00,4243.36,1320975.37
1156,2021-10-29,2021-10-29 09:49,,Rental Income,0.00,1848.02,1322823.39
1157,2021-10-29,2021-10-29 05:17,,Utilities - Electricity,109.40,0.00,1322713.99
1158,2021-10-29,2021-10-29 05:53,,Rental Income,0.00,4497.50,1327211.49
1159,2021-10-30,2021-10-30 15:27,,Loan EMI,3476.29,0.00,1323735.20
1160,2021-10-31,2021-10-31 03:23,,Cashback,0.00,591.20,1324326.40
1161,2021-10-31,2021-10-31 10:10,,Entertainment - Movies,94.91,0.00,1324231.49
1162,2021-10-31,2021-10-31 13:14,,Investment - Stocks,3975.75,0.00,1320255.74
1163,2021-11-01,2021-11-01 18:19,,Groceries - Supermarket,269.74,0.00,1319986.00
1164,2021-11-02,2021-11-02 02:21,,Healthcare - Regular,69.26,0.00,1319916.74
1165,2021-11-03,2021-11-03 21:38,,Entertainment - Movies,28.52,0.00,1319888.22
1166,2021-11-03,2021-11-03 07:07,,Salary - Regular,0.00,6940.77,1326828.99
1167,2021-11-04,2021-11-04 22:08,,Investment Returns - Crypto,0.00,8433.65,1335262.64
1168,2021-11-04,2021-11-04 21:43,,Groceries - Online Delivery,95.74,0.00,1335166.90
1169,2021-11-04,2021-11-04 08:27,,Fuel,65.18,0.00,1335101.72
1170,2021-11-05,2021-11-05 14:10,,Dining - Casual Restaurant,233.30,0.00,1334868.42
1171,2021-11-07,2021-11-07 01:27,,Salary - Bonus,0.00,18180.42,1353048.84
1172,2021-11-08,2021-11-08 18:04,,Dining - Casual Restaurant,90.32,0.00,1352958.52
1173,2021-11-08,2021-11-08 15:26,,Public Transport,4.45,0.00,1352954.07
1174,2021-11-09,2021-11-09 14:41,,Dining - Casual Restaurant,125.38,0.00,1352828.69
1175,2021-11-09,2021-11-09 04:03,,Salary - Regular,0.00,5168.41,1357997.10
1176,2021-11-09,2021-11-09 07:35,,Investment Returns - Stocks,0.00,1725.97,1359723.07
1177,2021-11-10,2021-11-10 03:26,,Cashback,0.00,257.15,1359980.22
1178,2021-11-10,2021-11-10 12:11,,Dividends,0.00,409.59,1360389.81
1179,2021-11-10,2021-11-10 00:12,,Dining - Casual Restaurant,150.28,0.00,1360239.53
1180,2021-11-10,2021-11-10 11:16,,Salary - Bonus,0.00,14587.50,1374827.03
1181,2021-11-11,2021-11-11 10:20,,Dividends,0.00,193.35,1375020.38
1182,2021-11-12,2021-11-12 14:42,,Utilities - Water,163.46,0.00,1374856.92
1183,2021-11-12,2021-11-12 20:20,,Salary - Regular,0.00,7544.64,1382401.56
1184,2021-11-12,2021-11-12 12:19,,Salary - Bonus,0.00,19320.04,1401721.60
1185,2021-11-12,2021-11-12 09:00,,Utilities - Water,99.89,0.00,1401621.71
1186,2021-11-13,2021-11-13 16:28,,Public Transport,20.80,0.00,1401600.91
1187,2021-11-14,2021-11-14 12:31,,Groceries - Supermarket,482.57,0.00,1401118.34
1188,2021-11-14,2021-11-14 06:23,,Freelance Income,0.00,4049.01,1405167.35
1189,2021-11-15,2021-11-15 19:50,,Public Transport,2.53,0.00,1405164.82
1190,2021-11-15,2021-11-15 13:32,,Groceries - Supermarket,306.33,0.00,1404858.49
1191,2021-11-15,2021-11-15 07:48,,Dining - Casual Restaurant,226.32,0.00,1404632.17
1192,2021-11-17,2021-11-17 04:13,,Utilities - Water,136.26,0.00,1404495.91
1193,2021-11-18,2021-11-18 13:39,,Salary - Regular,0.00,4604.79,1409100.70
1194,2021-11-18,2021-11-18 07:44,,Healthcare - Regular,56.50,0.00,1409044.20
1195,2021-11-19,2021-11-19 19:02,,Freelance Income,0.00,5038.48,1414082.68
1196,2021-11-20,2021-11-20 03:41,,Freelance Income,0.00,2867.68,1416950.36
1197,2021-11-20,2021-11-20 15:26,,Public Transport,16.33,0.00,1416934.03
1198,2021-11-20,2021-11-20 09:09,,Rental Income,0.00,3328.41,1420262.44
1199,2021-11-20,2021-11-20 13:53,,Coffee Shop,21.07,0.00,1420241.37
1200,2021-11-21,2021-11-21 23:01,,Groceries - Online Delivery,228.07,0.00,1420013.30
1201,2021-11-22,2021-11-22 00:37,,Utilities - Water,65.76,0.00,1419947.54
1202,2021-11-22,2021-11-22 11:09,,Salary - Bonus,0.00,4955.77,1424903.31
1203,2021-11-22,2021-11-22 19:47,,Coffee Shop,26.72,0.00,1424876.59
1204,2021-11-23,2021-11-23 07:31,,Utilities - Water,39.83,0.00,1424836.76
1205,2021-11-23,2021-11-23 14:24,,Dining - Fine Dining,738.53,0.00,1424098.23
1206,2021-11-24,2021-11-24 23:01,,Groceries - Supermarket,191.10,0.00,1423907.13
1207,2021-11-24,2021-11-24 16:25,,Dining - Casual Restaurant,118.85,0.00,1423788.28
1208,2021-11-25,2021-11-25 20:31,,Salary - Regular,0.00,5784.43,1429572.71
1209,2021-11-25,2021-11-25 19:48,,Groceries - Supermarket,301.95,0.00,1429270.76
1210,2021-11-26,2021-11-26 10:45,,Dining - Fine Dining,756.37,0.00,1428514.39
1211,2021-11-27,2021-11-27 15:48,,Dining - Casual Restaurant,141.91,0.00,1428372.48
1212,2021-11-28,2021-11-28 00:21,,Dining - Fine Dining,318.05,0.00,1428054.43
1213,2021-11-28,2021-11-28 12:10,,Salary - Regular,0.00,5892.49,1433946.92
1214,2021-11-28,2021-11-28 08:16,,Dining - Casual Restaurant,194.10,0.00,1433752.82
1215,2021-11-29,2021-11-29 17:11,,Groceries - Supermarket,292.46,0.00,1433460.36
1216,2021-12-01,2021-12-01 06:40,,Entertainment - Concerts,925.16,0.00,1432535.20
1217,2021-12-01,2021-12-01 05:21,,Dining - Casual Restaurant,81.16,0.00,1432454.04
1218,2021-12-02,2021-12-02 15:58,,Loan EMI,3011.76,0.00,1429442.28
1219,2021-12-02,2021-12-02 13:25,,Groceries - Online Delivery,363.64,0.00,1429078.64
1220,2021-12-03,2021-12-03 13:35,,Salary - Regular,0.00,4605.67,1433684.31
1221,2021-12-03,2021-12-03 11:03,,Groceries - Supermarket,523.26,0.00,1433161.05
1222,2021-12-04,2021-12-04 05:27,,Groceries - Supermarket,1178.54,0.00,1431982.51
1223,2021-12-05,2021-12-05 23:55,,Freelance Income,0.00,2751.44,1434733.95
1224,2021-12-05,2021-12-05 15:38,,Groceries - Online Delivery,433.59,0.00,1434300.36
1225,2021-12-05,2021-12-05 01:01,,Dining - Casual Restaurant,265.21,0.00,1434035.15
1226,2021-12-05,2021-12-05 06:37,,Groceries - Online Delivery,301.08,0.00,1433734.07
1227,2021-12-06,2021-12-06 04:23,,Healthcare - Regular,579.13,0.00,1433154.94
1228,2021-12-08,2021-12-08 16:08,,Fuel,103.88,0.00,1433051.06
1229,2021-12-08,2021-12-08 14:17,,Rental Income,0.00,6409.31,1439460.37
1230,2021-12-09,2021-12-09 00:45,,Freelance Income,0.00,4609.81,1444070.18
1231,2021-12-10,2021-12-10 12:01,,Freelance Income,0.00,3563.71,1447633.89
1232,2021-12-11,2021-12-11 06:30,,Utilities - Water,304.00,0.00,1447329.89
1233,2021-12-11,2021-12-11 20:04,,Utilities - Electricity,265.93,0.00,1447063.96
1234,2021-12-11,2021-12-11 17:28,,Loan EMI,2854.37,0.00,1444209.59
1235,2021-12-12,2021-12-12 16:11,,Investment Returns - Stocks,0.00,5146.89,1449356.48
1236,2021-12-12,2021-12-12 17:33,,Rental Income,0.00,2496.18,1451852.66
1237,2021-12-13,2021-12-13 00:26,,Groceries - Online Delivery,398.07,0.00,1451454.59
1238,2021-12-13,2021-12-13 17:16,,Freelance Income,0.00,2062.43,1453517.02
1239,2021-12-14,2021-12-14 19:50,,Groceries - Online Delivery,251.84,0.00,1453265.18
1240,2021-12-14,2021-12-14 06:42,,Investment - Stocks,17066.08,0.00,1436199.10
1241,2021-12-15,2021-12-15 19:56,,Fuel,72.27,0.00,1436126.83
1242,2021-12-15,2021-12-15 21:33,,Groceries - Online Delivery,224.00,0.00,1435902.83
1243,2021-12-16,2021-12-16 21:38,,Dining - Casual Restaurant,246.17,0.00,1435656.66
1244,2021-12-16,2021-12-16 20:49,,Salary - Regular,0.00,6800.96,1442457.62
1245,2021-12-18,2021-12-18 15:45,,Loan EMI,2316.16,0.00,1440141.46
1246,2021-12-19,2021-12-19 23:59,,Entertainment - Concerts,1217.71,0.00,1438923.75
1247,2021-12-20,2021-12-20 08:49,,Salary - Regular,0.00,9884.12,1448807.87
1248,2021-12-21,2021-12-21 17:14,,Healthcare - Emergency,3525.58,0.00,1445282.29
1249,2021-12-21,2021-12-21 16:06,,Coffee Shop,33.60,0.00,1445248.69
1250,2021-12-21,2021-12-21 08:58,,Rental Income,0.00,3064.90,1448313.59
1251,2021-12-22,2021-12-22 07:49,,Salary - Regular,0.00,8725.37,1457038.96
1252,2021-12-23,2021-12-23 22:14,,Entertainment - Concerts,828.26,0.00,1456210.70
1253,2021-12-23,2021-12-23 15:16,,Rental Income,0.00,6549.14,1462759.84
1254,2021-12-23,2021-12-23 06:44,,Freelance Income,0.00,1989.55,1464749.39
1255,2021-12-23,2021-12-23 17:45,,Loan EMI,2769.02,0.00,1461980.37
1256,2021-12-24,2021-12-24 07:29,,Rental Income,0.00,7641.29,1469621.66
1257,2021-12-25,2021-12-25 20:47,,Groceries - Supermarket,446.42,0.00,1469175.24
1258,2021-12-26,2021-12-26 07:45,,Dining - Casual Restaurant,176.05,0.00,1468999.19
1259,2021-12-26,2021-12-26 00:12,,Salary - Regular,0.00,5508.41,1474507.60
1260,2021-12-27,2021-12-27 20:51,,Loan EMI,4247.33,0.00,1470260.27
1261,2021-12-27,2021-12-27 01:48,,Coffee Shop,52.40,0.00,1470207.87
1262,2021-12-28,2021-12-28 14:54,,Utilities - Electricity,650.51,0.00,1469557.36
1263,2021-12-29,2021-12-29 23:55,,Coffee Shop,33.75,0.00,1469523.61
1264,2021-12-29,2021-12-29 14:48,,Fuel,203.65,0.00,1469319.96
1265,2021-12-30,2021-12-30 15:30,,Groceries - Supermarket,267.44,0.00,1469052.52
1266,2021-12-31,2021-12-31 04:05,,Groceries - Supermarket,620.12,0.00,1468432.40
1267,2022-01-01,2022-01-01 01:11,,Coffee Shop,35.69,0.00,1468396.71
1268,2022-01-01,2022-01-01 09:43,,Dining - Casual Restaurant,101.19,0.00,1468295.52
1269,2022-01-02,2022-01-02 18:00,,Salary - Regular,0.00,5021.25,1473316.77
1270,2022-01-04,2022-01-04 16:31,,Investment Returns - Stocks,0.00,7922.12,1481238.89
1271,2022-01-04,2022-01-04 07:53,,Groceries - Supermarket,396.97,0.00,1480841.92
1272,2022-01-04,2022-01-04 15:19,,Salary - Regular,0.00,5864.70,1486706.62
1273,2022-01-05,2022-01-05 10:41,,Dining - Fine Dining,945.07,0.00,1485761.55
1274,2022-01-05,2022-01-05 17:18,,Utilities - Water,100.97,0.00,1485660.58
1275,2022-01-05,2022-01-05 22:13,,Utilities - Water,147.02,0.00,1485513.56
1276,2022-01-06,2022-01-06 22:22,,Salary - Regular,0.00,3283.13,1488796.69
1277,2022-01-06,2022-01-06 00:58,,Dining - Casual Restaurant,144.99,0.00,1488651.70
1278,2022-01-07,2022-01-07 10:10,,Entertainment - Concerts,329.42,0.00,1488322.28
1279,2022-01-07,2022-01-07 15:26,,Dining - Casual Restaurant,199.61,0.00,1488122.67
1280,2022-01-08,2022-01-08 21:47,,Groceries - Online Delivery,310.48,0.00,1487812.19
1281,2022-01-09,2022-01-09 00:25,,Public Transport,3.72,0.00,1487808.47
1282,2022-01-09,2022-01-09 00:02,,Investment Returns - Stocks,0.00,7163.52,1494971.99
1283,2022-01-10,2022-01-10 10:53,,Investment - Stocks,14273.00,0.00,1480698.99
1284,2022-01-10,2022-01-10 16:52,,Freelance Income,0.00,3479.26,1484178.25
1285,2022-01-11,2022-01-11 09:19,,Fuel,35.16,0.00,1484143.09
1286,2022-01-12,2022-01-12 16:11,,Rental Income,0.00,4625.07,1488768.16
1287,2022-01-12,2022-01-12 18:14,,Investment Returns - Crypto,0.00,4527.24,1493295.40
1288,2022-01-13,2022-01-13 16:57,,Rental Income,0.00,1821.84,1495117.24
1289,2022-01-14,2022-01-14 22:27,,Groceries - Online Delivery,196.29,0.00,1494920.95
1290,2022-01-15,2022-01-15 13:33,,Salary - Regular,0.00,5436.46,1500357.41
1291,2022-01-16,2022-01-16 20:06,,Salary - Bonus,0.00,8925.07,1509282.48
1292,2022-01-16,2022-01-16 01:46,,Coffee Shop,32.37,0.00,1509250.11
1293,2022-01-17,2022-01-17 21:52,,Entertainment - Concerts,277.29,0.00,1508972.82
1294,2022-01-17,2022-01-17 15:24,,Cashback,0.00,112.17,1509084.99
1295,2022-01-18,2022-01-18 01:28,,Freelance Income,0.00,4529.40,1513614.39
1296,2022-01-19,2022-01-19 09:14,,Groceries - Supermarket,275.30,0.00,1513339.09
1297,2022-01-20,2022-01-20 22:45,,Dining - Casual Restaurant,87.25,0.00,1513251.84
1298,2022-01-20,2022-01-20 19:33,,Public Transport,10.56,0.00,1513241.28
1299,2022-01-21,2022-01-21 08:10,,Dining - Casual Restaurant,159.11,0.00,1513082.17
1300,2022-01-22,2022-01-22 00:43,,Coffee Shop,37.18,0.00,1513044.99
1301,2022-01-22,2022-01-22 06:50,,Loan EMI,2199.07,0.00,1510845.92
1302,2022-01-22,2022-01-22 21:54,,Salary - Regular,0.00,6500.54,1517346.46
1303,2022-01-23,2022-01-23 13:58,,Groceries - Online Delivery,214.04,0.00,1517132.42
1304,2022-01-23,2022-01-23 02:09,,Dining - Fine Dining,383.01,0.00,1516749.41
1305,2022-01-23,2022-01-23 09:15,,Coffee Shop,20.34,0.00,1516729.07
1306,2022-01-24,2022-01-24 10:58,,Rental Income,0.00,3523.22,1520252.29
1307,2022-01-25,2022-01-25 04:07,,Groceries - Supermarket,225.13,0.00,1520027.16
1308,2022-01-25,2022-01-25 17:08,,Coffee Shop,15.05,0.00,1520012.11
1309,2022-01-25,2022-01-25 21:49,,Salary - Regular,0.00,7876.48,1527888.59
1310,2022-01-26,2022-01-26 17:41,,Utilities - Electricity,242.07,0.00,1527646.52
1311,2022-01-26,2022-01-26 23:21,,Entertainment - Concerts,486.73,0.00,1527159.79
1312,2022-01-27,2022-01-27 05:10,,Dining - Fine Dining,558.61,0.00,1526601.18
1313,2022-01-27,2022-01-27 14:13,,Loan EMI,2825.99,0.00,1523775.19
1314,2022-01-28,2022-01-28 03:55,,Dining - Fine Dining,291.20,0.00,1523483.99
1315,2022-01-29,2022-01-29 05:00,,Groceries - Online Delivery,304.35,0.00,1523179.64
1316,2022-01-29,2022-01-29 00:04,,Groceries - Supermarket,322.22,0.00,1522857.42
1317,2022-01-30,2022-01-30 02:56,,Dining - Fine Dining,415.11,0.00,1522442.31
1318,2022-01-30,2022-01-30 02:21,,Groceries - Supermarket,244.02,0.00,1522198.29
1319,2022-01-30,2022-01-30 16:33,,Investment Returns - Crypto,0.00,4225.45,1526423.74
1320,2022-01-31,2022-01-31 15:53,,Utilities - Electricity,184.12,0.00,1526239.62
1321,2022-01-31,2022-01-31 22:16,,Groceries - Supermarket,224.56,0.00,1526015.06
1322,2022-02-01,2022-02-01 08:07,,Dividends,0.00,409.10,1526424.16
1323,2022-02-02,2022-02-02 10:05,,Groceries - Online Delivery,201.73,0.00,1526222.43
1324,2022-02-02,2022-02-02 16:15,,Salary - Regular,0.00,3596.08,1529818.51
1325,2022-02-02,2022-02-02 06:48,,Salary - Regular,0.00,6374.19,1536192.70
1326,2022-02-03,2022-02-03 02:30,,Dividends,0.00,455.27,1536647.97
1327,2022-02-03,2022-02-03 17:55,,Groceries - Online Delivery,163.26,0.00,1536484.71
1328,2022-02-04,2022-02-04 20:03,,Dining - Casual Restaurant,45.25,0.00,1536439.46
1329,2022-02-05,2022-02-05 12:38,,Investment Returns - Crypto,0.00,798.60,1537238.06
1330,2022-02-07,2022-02-07 01:46,,Entertainment - Concerts,288.88,0.00,1536949.18
1331,2022-02-07,2022-02-07 00:59,,Salary - Regular,0.00,7684.96,1544634.14
1332,2022-02-08,2022-02-08 04:28,,Fuel,32.15,0.00,1544601.99
1333,2022-02-08,2022-02-08 14:06,,Investment Returns - Stocks,0.00,3435.60,1548037.59
1334,2022-02-09,2022-02-09 06:40,,Fuel,70.52,0.00,1547967.07
1335,2022-02-09,2022-02-09 10:21,,Salary - Bonus,0.00,21352.63,1569319.70
1336,2022-02-10,2022-02-10 09:53,,Groceries - Supermarket,287.97,0.00,1569031.73
1337,2022-02-10,2022-02-10 20:31,,Salary - Regular,0.00,3326.19,1572357.92
1338,2022-02-11,2022-02-11 14:46,,Salary - Regular,0.00,7181.70,1579539.62
1339,2022-02-11,2022-02-11 08:49,,Dividends,0.00,1157.24,1580696.86
1340,2022-02-12,2022-02-12 09:09,,Freelance Income,0.00,4031.66,1584728.52
1341,2022-02-12,2022-02-12 20:14,,Salary - Regular,0.00,4097.44,1588825.96
1342,2022-02-13,2022-02-13 19:11,,Entertainment - Movies,85.05,0.00,1588740.91
1343,2022-02-14,2022-02-14 10:46,,Public Transport,10.13,0.00,1588730.78
1344,2022-02-14,2022-02-14 16:28,,Coffee Shop,8.56,0.00,1588722.22
1345,2022-02-14,2022-02-14 10:54,,Dining - Fine Dining,843.29,0.00,1587878.93
1346,2022-02-15,2022-02-15 14:08,,Healthcare - Regular,161.53,0.00,1587717.40
1347,2022-02-17,2022-02-17 13:50,,Utilities - Electricity,369.26,0.00,1587348.14
1348,2022-02-17,2022-02-17 12:02,,Rental Income,0.00,3676.90,1591025.04
1349,2022-02-18,2022-02-18 18:26,,Salary - Regular,0.00,7333.10,1598358.14
1350,2022-02-19,2022-02-19 09:10,,Dining - Fine Dining,1296.74,0.00,1597061.40
1351,2022-02-19,2022-02-19 16:38,,Freelance Income,0.00,6044.55,1603105.95
1352,2022-02-21,2022-02-21 09:13,,Entertainment - Concerts,872.10,0.00,1602233.85
1353,2022-02-23,2022-02-23 21:19,,Coffee Shop,26.09,0.00,1602207.76
1354,2022-02-24,2022-02-24 18:42,,Utilities - Electricity,100.31,0.00,1602107.45
1355,2022-02-26,2022-02-26 19:16,,Groceries - Online Delivery,194.40,0.00,1601913.05
1356,2022-02-26,2022-02-26 19:06,,Salary - Regular,0.00,5331.07,1607244.12
1357,2022-02-26,2022-02-26 07:31,,Utilities - Electricity,280.92,0.00,1606963.20
1358,2022-02-28,2022-02-28 10:15,,Groceries - Online Delivery,205.66,0.00,1606757.54
1359,2022-02-28,2022-02-28 20:50,,Fuel,44.83,0.00,1606712.71
1360,2022-02-28,2022-02-28 05:59,,Groceries - Supermarket,211.22,0.00,1606501.49
1361,2022-03-02,2022-03-02 10:49,,Groceries - Online Delivery,174.39,0.00,1606327.10
1362,2022-03-04,2022-03-04 17:26,,Loan EMI,1492.53,0.00,1604834.57
1363,2022-03-04,2022-03-04 06:47,,Freelance Income,0.00,3124.80,1607959.37
1364,2022-03-04,2022-03-04 22:15,,Groceries - Supermarket,317.28,0.00,1607642.09
1365,2022-03-04,2022-03-04 11:16,,Fuel,56.10,0.00,1607585.99
1366,2022-03-05,2022-03-05 00:25,,Freelance Income,0.00,1450.42,1609036.41
1367,2022-03-05,2022-03-05 11:46,,Freelance Income,0.00,979.97,1610016.38
1368,2022-03-05,2022-03-05 08:56,,Utilities - Electricity,417.63,0.00,1609598.75
1369,2022-03-06,2022-03-06 14:00,,Groceries - Online Delivery,250.07,0.00,1609348.68
1370,2022-03-07,2022-03-07 20:05,,Entertainment - Concerts,395.68,0.00,1608953.00
1371,2022-03-08,2022-03-08 07:14,,Freelance Income,0.00,1825.36,1610778.36
1372,2022-03-08,2022-03-08 00:44,,Coffee Shop,5.75,0.00,1610772.61
1373,2022-03-08,2022-03-08 22:06,,Salary - Regular,0.00,8135.49,1618908.10
1374,2022-03-09,2022-03-09 04:12,,Salary - Bonus,0.00,8560.99,1627469.09
1375,2022-03-10,2022-03-10 09:14,,Freelance Income,0.00,3371.07,1630840.16
1376,2022-03-10,2022-03-10 14:44,,Loan EMI,1389.75,0.00,1629450.41
1377,2022-03-11,2022-03-11 12:50,,Public Transport,2.77,0.00,1629447.64
1378,2022-03-12,2022-03-12 03:55,,Rental Income,0.00,4580.89,1634028.53
1379,2022-03-12,2022-03-12 00:19,,Dining - Casual Restaurant,191.94,0.00,1633836.59
1380,2022-03-13,2022-03-13 20:01,,Loan EMI,3627.37,0.00,1630209.22
1381,2022-03-13,2022-03-13 16:40,,Healthcare - Emergency,7716.92,0.00,1622492.30
1382,2022-03-13,2022-03-13 01:43,,Investment Returns - Stocks,0.00,7857.44,1630349.74
1383,2022-03-14,2022-03-14 08:11,,Entertainment - Movies,66.95,0.00,1630282.79
1384,2022-03-14,2022-03-14 15:22,,Dining - Fine Dining,601.41,0.00,1629681.38
1385,2022-03-14,2022-03-14 03:00,,Dining - Casual Restaurant,286.94,0.00,1629394.44
1386,2022-03-15,2022-03-15 18:36,,Salary - Regular,0.00,5943.85,1635338.29
1387,2022-03-16,2022-03-16 10:00,,Salary - Regular,0.00,4293.89,1639632.18
1388,2022-03-17,2022-03-17 09:16,,Entertainment - Movies,40.81,0.00,1639591.37
1389,2022-03-19,2022-03-19 16:19,,Entertainment - Movies,106.25,0.00,1639485.12
1390,2022-03-20,2022-03-20 13:06,,Fuel,201.86,0.00,1639283.26
1391,2022-03-20,2022-03-20 08:01,,Dividends,0.00,1158.15,1640441.41
1392,2022-03-21,2022-03-21 12:06,,Rental Income,0.00,3749.23,1644190.64
1393,2022-03-21,2022-03-21 05:48,,Coffee Shop,7.33,0.00,1644183.31
1394,2022-03-22,2022-03-22 05:34,,Utilities - Water,159.61,0.00,1644023.70
1395,2022-03-23,2022-03-23 03:02,,Salary - Bonus,0.00,20187.32,1664211.02
1396,2022-03-23,2022-03-23 06:46,,Fuel,36.58,0.00,1664174.44
1397,2022-03-24,2022-03-24 02:31,,Cashback,0.00,319.81,1664494.25
1398,2022-03-24,2022-03-24 17:19,,Utilities - Electricity,85.65,0.00,1664408.60
1399,2022-03-24,2022-03-24 18:04,,Utilities - Water,109.72,0.00,1664298.88
1400,2022-03-26,2022-03-26 23:05,,Rental Income,0.00,3010.59,1667309.47
1401,2022-03-27,2022-03-27 02:23,,Salary - Bonus,0.00,9741.08,1677050.55
1402,2022-03-27,2022-03-27 11:28,,Dining - Fine Dining,568.83,0.00,1676481.72
1403,2022-03-27,2022-03-27 12:54,,Rental Income,0.00,2203.92,1678685.64
1404,2022-03-28,2022-03-28 10:15,,Freelance Income,0.00,1065.39,1679751.03
1405,2022-03-28,2022-03-28 09:30,,Dining - Fine Dining,707.37,0.00,1679043.66
1406,2022-03-29,2022-03-29 04:04,,Dining - Fine Dining,921.55,0.00,1678122.11
1407,2022-03-29,2022-03-29 10:07,,Entertainment - Movies,49.21,0.00,1678072.90
1408,2022-03-29,2022-03-29 23:15,,Dining - Casual Restaurant,106.49,0.00,1677966.41
1409,2022-03-30,2022-03-30 19:15,,Dining - Casual Restaurant,152.64,0.00,1677813.77
1410,2022-03-31,2022-03-31 15:27,,Freelance Income,0.00,2628.69,1680442.46
1411,2022-04-01,2022-04-01 17:14,,Loan EMI,2382.15,0.00,1678060.31
1412,2022-04-02,2022-04-02 09:16,,Coffee Shop,38.41,0.00,1678021.90
1413,2022-04-02,2022-04-02 14:24,,Groceries - Online Delivery,235.00,0.00,1677786.90
1414,2022-04-02,2022-04-02 08:25,,Groceries - Online Delivery,163.29,0.00,1677623.61
1415,2022-04-03,2022-04-03 22:36,,Healthcare - Emergency,4948.84,0.00,1672674.77
1416,2022-04-03,2022-04-03 03:14,,Coffee Shop,46.43,0.00,1672628.34
1417,2022-04-04,2022-04-04 14:06,,Fuel,52.52,0.00,1672575.82
1418,2022-04-05,2022-04-05 09:08,,Coffee Shop,26.49,0.00,1672549.33
1419,2022-04-06,2022-04-06 00:57,,Groceries - Supermarket,77.40,0.00,1672471.93
1420,2022-04-06,2022-04-06 03:01,,Groceries - Supermarket,213.48,0.00,1672258.45
1421,2022-04-07,2022-04-07 17:21,,Public Transport,8.68,0.00,1672249.77
1422,2022-04-07,2022-04-07 08:35,,Healthcare - Emergency,4174.63,0.00,1668075.14
1423,2022-04-08,2022-04-08 23:42,,Dining - Casual Restaurant,42.61,0.00,1668032.53
1424,2022-04-08,2022-04-08 21:36,,Dining - Casual Restaurant,192.82,0.00,1667839.71
1425,2022-04-09,2022-04-09 00:50,,Fuel,54.89,0.00,1667784.82
1426,2022-04-11,2022-04-11 16:14,,Dining - Casual Restaurant,52.18,0.00,1667732.64
1427,2022-04-12,2022-04-12 00:27,,Salary - Regular,0.00,4374.03,1672106.67
1428,2022-04-13,2022-04-13 17:01,,Investment Returns - Stocks,0.00,2766.69,1674873.36
1429,2022-04-13,2022-04-13 05:09,,Utilities - Electricity,188.47,0.00,1674684.89
1430,2022-04-14,2022-04-14 05:53,,Investment Returns - Stocks,0.00,1857.32,1676542.21
1431,2022-04-14,2022-04-14 17:09,,Investment - Crypto,3784.13,0.00,1672758.08
1432,2022-04-15,2022-04-15 23:43,,Investment - Stocks,4385.09,0.00,1668372.99
1433,2022-04-15,2022-04-15 15:35,,Cashback,0.00,77.86,1668450.85
1434,2022-04-16,2022-04-16 07:19,,Groceries - Supermarket,322.75,0.00,1668128.10
1435,2022-04-16,2022-04-16 08:43,,Cashback,0.00,514.22,1668642.32
1436,2022-04-16,2022-04-16 08:22,,Public Transport,8.85,0.00,1668633.47
1437,2022-04-17,2022-04-17 03:25,,Investment Returns - Stocks,0.00,7947.12,1676580.59
1438,2022-04-18,2022-04-18 14:01,,Dining - Fine Dining,1070.50,0.00,1675510.09
1439,2022-04-18,2022-04-18 22:38,,Dining - Casual Restaurant,146.69,0.00,1675363.40
1440,2022-04-18,2022-04-18 12:05,,Dividends,0.00,1567.42,1676930.82
1441,2022-04-19,2022-04-19 04:48,,Salary - Regular,0.00,6620.99,1683551.81
1442,2022-04-19,2022-04-19 23:54,,Coffee Shop,8.05,0.00,1683543.76
1443,2022-04-20,2022-04-20 09:06,,Investment Returns - Crypto,0.00,2424.74,1685968.50
1444,2022-04-20,2022-04-20 07:19,,Fuel,55.73,0.00,1685912.77
1445,2022-04-22,2022-04-22 13:39,,Dining - Casual Restaurant,153.33,0.00,1685759.44
1446,2022-04-22,2022-04-22 09:22,,Investment - Crypto,8341.61,0.00,1677417.83
1447,2022-04-23,2022-04-23 15:23,,Dividends,0.00,266.79,1677684.62
1448,2022-04-23,2022-04-23 04:37,,Coffee Shop,21.13,0.00,1677663.49
1449,2022-04-23,2022-04-23 15:41,,Salary - Regular,0.00,6317.58,1683981.07
1450,2022-04-23,2022-04-23 13:39,,Utilities - Electricity,295.51,0.00,1683685.56
1451,2022-04-24,2022-04-24 22:35,,Fuel,117.54,0.00,1683568.02
1452,2022-04-24,2022-04-24 22:09,,Freelance Income,0.00,4418.23,1687986.25
1453,2022-04-25,2022-04-25 05:05,,Freelance Income,0.00,742.78,1688729.03
1454,2022-04-26,2022-04-26 02:13,,Coffee Shop,30.53,0.00,1688698.50
1455,2022-04-26,2022-04-26 15:21,,Utilities - Water,221.59,0.00,1688476.91
1456,2022-04-27,2022-04-27 02:08,,Groceries - Supermarket,101.76,0.00,1688375.15
1457,2022-04-28,2022-04-28 07:24,,Entertainment - Movies,32.58,0.00,1688342.57
1458,2022-05-01,2022-05-01 14:59,,Utilities - Water,209.10,0.00,1688133.47
1459,2022-05-01,2022-05-01 11:30,,Fuel,85.84,0.00,1688047.63
1460,2022-05-01,2022-05-01 09:04,,Fuel,50.93,0.00,1687996.70
1461,2022-05-02,2022-05-02 12:19,,Investment Returns - Crypto,0.00,2172.83,1690169.53
1462,2022-05-02,2022-05-02 05:40,,Dining - Fine Dining,722.47,0.00,1689447.06
1463,2022-05-02,2022-05-02 21:24,,Groceries - Supermarket,358.27,0.00,1689088.79
1464,2022-05-03,2022-05-03 11:25,,Utilities - Electricity,90.55,0.00,1688998.24
1465,2022-05-05,2022-05-05 17:34,,Fuel,27.34,0.00,1688970.90
1466,2022-05-05,2022-05-05 12:57,,Investment - Crypto,5571.25,0.00,1683399.65
1467,2022-05-06,2022-05-06 15:50,,Dividends,0.00,313.63,1683713.28
1468,2022-05-07,2022-05-07 12:26,,Dining - Casual Restaurant,45.96,0.00,1683667.32
1469,2022-05-07,2022-05-07 18:35,,Public Transport,5.04,0.00,1683662.28
1470,2022-05-09,2022-05-09 01:11,,Loan EMI,2650.79,0.00,1681011.49
1471,2022-05-10,2022-05-10 08:07,,Dining - Casual Restaurant,152.65,0.00,1680858.84
1472,2022-05-10,2022-05-10 00:35,,Utilities - Water,135.10,0.00,1680723.74
1473,2022-05-10,2022-05-10 03:04,,Investment Returns - Crypto,0.00,333.24,1681056.98
1474,2022-05-11,2022-05-11 16:27,,Fuel,102.21,0.00,1680954.77
1475,2022-05-12,2022-05-12 03:02,,Healthcare - Regular,205.77,0.00,1680749.00
1476,2022-05-12,2022-05-12 09:09,,Coffee Shop,7.44,0.00,1680741.56
1477,2022-05-13,2022-05-13 23:11,,Utilities - Electricity,163.16,0.00,1680578.40
1478,2022-05-14,2022-05-14 03:19,,Dining - Casual Restaurant,174.68,0.00,1680403.72
1479,2022-05-14,2022-05-14 11:00,,Utilities - Electricity,199.00,0.00,1680204.72
1480,2022-05-15,2022-05-15 08:31,,Salary - Regular,0.00,4763.14,1684967.86
1481,2022-05-16,2022-05-16 16:05,,Coffee Shop,26.08,0.00,1684941.78
1482,2022-05-16,2022-05-16 19:46,,Groceries - Online Delivery,142.50,0.00,1684799.28
1483,2022-05-17,2022-05-17 08:52,,Groceries - Supermarket,374.85,0.00,1684424.43
1484,2022-05-17,2022-05-17 16:01,,Groceries - Online Delivery,98.52,0.00,1684325.91
1485,2022-05-18,2022-05-18 18:47,,Freelance Income,0.00,2242.60,1686568.51
1486,2022-05-19,2022-05-19 13:31,,Entertainment - Concerts,495.83,0.00,1686072.68
1487,2022-05-19,2022-05-19 02:50,,Dining - Casual Restaurant,82.56,0.00,1685990.12
1488,2022-05-20,2022-05-20 18:07,,Rental Income,0.00,2463.01,1688453.13
1489,2022-05-20,2022-05-20 18:45,,Dining - Casual Restaurant,71.64,0.00,1688381.49
1490,2022-05-20,2022-05-20 07:39,,Freelance Income,0.00,1427.66,1689809.15
1491,2022-05-21,2022-05-21 19:51,,Salary - Regular,0.00,4243.87,1694053.02
1492,2022-05-21,2022-05-21 11:47,,Freelance Income,0.00,1856.93,1695909.95
1493,2022-05-22,2022-05-22 16:30,,Dividends,0.00,57.42,1695967.37
1494,2022-05-22,2022-05-22 20:14,,Salary - Regular,0.00,5900.90,1701868.27
1495,2022-05-23,2022-05-23 00:08,,Utilities - Water,44.70,0.00,1701823.57
1496,2022-05-24,2022-05-24 14:22,,Rental Income,0.00,4872.51,1706696.08
1497,2022-05-25,2022-05-25 08:59,,Groceries - Supermarket,243.61,0.00,1706452.47
1498,2022-05-25,2022-05-25 23:42,,Investment Returns - Crypto,0.00,759.30,1707211.77
1499,2022-05-27,2022-05-27 10:43,,Groceries - Online Delivery,152.36,0.00,1707059.41
1500,2022-05-27,2022-05-27 23:22,,Investment - Stocks,5217.86,0.00,1701841.55
1501,2022-05-28,2022-05-28 00:10,,Dining - Casual Restaurant,239.80,0.00,1701601.75
1502,2022-05-28,2022-05-28 04:48,,Freelance Income,0.00,4427.51,1706029.26
1503,2022-05-29,2022-05-29 02:04,,Dividends,0.00,1531.41,1707560.67
1504,2022-05-29,2022-05-29 05:41,,Utilities - Electricity,122.43,0.00,1707438.24
1505,2022-05-30,2022-05-30 11:00,,Entertainment - Movies,29.16,0.00,1707409.08
1506,2022-05-31,2022-05-31 08:45,,Freelance Income,0.00,4117.62,1711526.70
1507,2022-05-31,2022-05-31 02:32,,Groceries - Online Delivery,283.37,0.00,1711243.33
1508,2022-06-02,2022-06-02 07:20,,Groceries - Online Delivery,117.78,0.00,1711125.55
1509,2022-06-02,2022-06-02 14:09,,Utilities - Electricity,433.68,0.00,1710691.87
1510,2022-06-03,2022-06-03 06:28,,Groceries - Supermarket,304.38,0.00,1710387.49
1511,2022-06-04,2022-06-04 15:34,,Public Transport,7.02,0.00,1710380.47
1512,2022-06-04,2022-06-04 16:46,,Loan EMI,1440.11,0.00,1708940.36
1513,2022-06-04,2022-06-04 23:24,,Entertainment - Concerts,958.97,0.00,1707981.39
1514,2022-06-04,2022-06-04 23:35,,Public Transport,5.43,0.00,1707975.96
1515,2022-06-05,2022-06-05 11:58,,Freelance Income,0.00,2790.65,1710766.61
1516,2022-06-06,2022-06-06 10:40,,Investment Returns - Crypto,0.00,3028.62,1713795.23
1517,2022-06-07,2022-06-07 14:33,,Utilities - Water,146.81,0.00,1713648.42
1518,2022-06-08,2022-06-08 11:18,,Freelance Income,0.00,5250.48,1718898.90
1519,2022-06-08,2022-06-08 23:09,,Loan EMI,1830.23,0.00,1717068.67
1520,2022-06-09,2022-06-09 19:19,,Fuel,51.56,0.00,1717017.11
1521,2022-06-09,2022-06-09 11:04,,Dining - Fine Dining,788.87,0.00,1716228.24
1522,2022-06-09,2022-06-09 05:18,,Rental Income,0.00,2377.91,1718606.15
1523,2022-06-10,2022-06-10 18:44,,Investment Returns - Stocks,0.00,1533.61,1720139.76
1524,2022-06-10,2022-06-10 20:08,,Coffee Shop,20.35,0.00,1720119.41
1525,2022-06-11,2022-06-11 21:51,,Groceries - Online Delivery,158.98,0.00,1719960.43
1526,2022-06-11,2022-06-11 17:12,,Dividends,0.00,605.41,1720565.84
1527,2022-06-12,2022-06-12 13:23,,Freelance Income,0.00,1912.57,1722478.41
1528,2022-06-13,2022-06-13 12:28,,Rental Income,0.00,2530.47,1725008.88
1529,2022-06-13,2022-06-13 17:19,,Healthcare - Emergency,1887.39,0.00,1723121.49
1530,2022-06-13,2022-06-13 07:50,,Dining - Casual Restaurant,75.61,0.00,1723045.88
1531,2022-06-14,2022-06-14 02:45,,Dining - Fine Dining,218.03,0.00,1722827.85
1532,2022-06-15,2022-06-15 15:24,,Utilities - Electricity,133.58,0.00,1722694.27
1533,2022-06-17,2022-06-17 13:36,,Dividends,0.00,737.48,1723431.75
1534,2022-06-18,2022-06-18 00:05,,Public Transport,26.95,0.00,1723404.80
1535,2022-06-19,2022-06-19 01:16,,Dining - Fine Dining,460.32,0.00,1722944.48
1536,2022-06-19,2022-06-19 16:12,,Investment Returns - Crypto,0.00,4746.58,1727691.06
1537,2022-06-20,2022-06-20 17:18,,Entertainment - Concerts,717.48,0.00,1726973.58
1538,2022-06-20,2022-06-20 14:18,,Investment Returns - Crypto,0.00,550.57,1727524.15
1539,2022-06-21,2022-06-21 09:48,,Dining - Casual Restaurant,83.74,0.00,1727440.41
1540,2022-06-21,2022-06-21 02:46,,Groceries - Online Delivery,149.71,0.00,1727290.70
1541,2022-06-22,2022-06-22 15:39,,Salary - Regular,0.00,2475.75,1729766.45
1542,2022-06-23,2022-06-23 19:24,,Rental Income,0.00,3982.93,1733749.38
1543,2022-06-24,2022-06-24 17:00,,Dining - Casual Restaurant,69.34,0.00,1733680.04
1544,2022-06-25,2022-06-25 01:12,,Utilities - Electricity,114.12,0.00,1733565.92
1545,2022-06-26,2022-06-26 03:52,,Rental Income,0.00,1827.59,1735393.51
1546,2022-06-26,2022-06-26 07:49,,Fuel,98.86,0.00,1735294.65
1547,2022-06-27,2022-06-27 07:44,,Salary - Regular,0.00,3979.95,1739274.60
1548,2022-06-28,2022-06-28 08:43,,Groceries - Supermarket,207.27,0.00,1739067.33
1549,2022-06-28,2022-06-28 04:24,,Coffee Shop,7.07,0.00,1739060.26
1550,2022-06-29,2022-06-29 14:16,,Loan EMI,1085.02,0.00,1737975.24
1551,2022-06-29,2022-06-29 19:27,,Dining - Casual Restaurant,70.80,0.00,1737904.44
1552,2022-06-30,2022-06-30 11:57,,Dining - Fine Dining,740.83,0.00,1737163.61
1553,2022-06-30,2022-06-30 13:15,,Salary - Bonus,0.00,8691.12,1745854.73
1554,2022-07-01,2022-07-01 19:11,,Dining - Casual Restaurant,133.33,0.00,1745721.40
1555,2022-07-02,2022-07-02 03:19,,Investment Returns - Crypto,0.00,4599.86,1750321.26
1556,2022-07-03,2022-07-03 12:16,,Freelance Income,0.00,3069.42,1753390.68
1557,2022-07-03,2022-07-03 09:23,,Investment Returns - Stocks,0.00,2911.23,1756301.91
1558,2022-07-03,2022-07-03 04:33,,Rental Income,0.00,2213.77,1758515.68
1559,2022-07-04,2022-07-04 12:10,,Investment Returns - Crypto,0.00,5318.80,1763834.48
1560,2022-07-04,2022-07-04 17:03,,Dining - Casual Restaurant,123.41,0.00,1763711.07
1561,2022-07-04,2022-07-04 20:46,,Investment Returns - Stocks,0.00,5183.30,1768894.37
1562,2022-07-04,2022-07-04 07:05,,Groceries - Supermarket,364.35,0.00,1768530.02
1563,2022-07-05,2022-07-05 20:32,,Dining - Casual Restaurant,107.63,0.00,1768422.39
1564,2022-07-05,2022-07-05 08:26,,Fuel,47.14,0.00,1768375.25
1565,2022-07-05,2022-07-05 22:19,,Groceries - Supermarket,245.00,0.00,1768130.25
1566,2022-07-06,2022-07-06 10:53,,Dining - Casual Restaurant,70.74,0.00,1768059.51
1567,2022-07-06,2022-07-06 18:24,,Investment - Crypto,2143.30,0.00,1765916.21
1568,2022-07-06,2022-07-06 06:54,,Coffee Shop,30.32,0.00,1765885.89
1569,2022-07-07,2022-07-07 18:16,,Freelance Income,0.00,1828.13,1767714.02
1570,2022-07-07,2022-07-07 09:00,,Freelance Income,0.00,2351.75,1770065.77
1571,2022-07-07,2022-07-07 19:23,,Healthcare - Emergency,3304.21,0.00,1766761.56
1572,2022-07-07,2022-07-07 05:42,,Freelance Income,0.00,2821.09,1769582.65
1573,2022-07-08,2022-07-08 00:09,,Public Transport,4.89,0.00,1769577.76
1574,2022-07-09,2022-07-09 18:28,,Dining - Casual Restaurant,221.88,0.00,1769355.88
1575,2022-07-10,2022-07-10 21:19,,Salary - Regular,0.00,6402.24,1775758.12
1576,2022-07-10,2022-07-10 10:26,,Public Transport,8.88,0.00,1775749.24
1577,2022-07-10,2022-07-10 06:10,,Salary - Bonus,0.00,7732.06,1783481.30
1578,2022-07-11,2022-07-11 05:05,,Groceries - Supermarket,272.30,0.00,1783209.00
1579,2022-07-12,2022-07-12 12:34,,Dining - Casual Restaurant,143.73,0.00,1783065.27
1580,2022-07-13,2022-07-13 08:31,,Rental Income,0.00,1559.89,1784625.16
1581,2022-07-13,2022-07-13 10:27,,Groceries - Supermarket,164.65,0.00,1784460.51
1582,2022-07-14,2022-07-14 21:14,,Freelance Income,0.00,4066.97,1788527.48
1583,2022-07-14,2022-07-14 17:16,,Fuel,67.79,0.00,1788459.69
1584,2022-07-15,2022-07-15 02:44,,Utilities - Electricity,155.40,0.00,1788304.29
1585,2022-07-16,2022-07-16 01:55,,Entertainment - Movies,43.29,0.00,1788261.00
1586,2022-07-16,2022-07-16 02:44,,Cashback,0.00,153.66,1788414.66
1587,2022-07-16,2022-07-16 03:58,,Salary - Regular,0.00,6382.98,1794797.64
1588,2022-07-16,2022-07-16 08:56,,Entertainment - Movies,62.07,0.00,1794735.57
1589,2022-07-18,2022-07-18 09:48,,Groceries - Supermarket,216.66,0.00,1794518.91
1590,2022-07-18,2022-07-18 15:31,,Loan EMI,1813.82,0.00,1792705.09
1591,2022-07-19,2022-07-19 00:39,,Rental Income,0.00,1553.74,1794258.83
1592,2022-07-19,2022-07-19 15:55,,Salary - Regular,0.00,4231.76,1798490.59
1593,2022-07-21,2022-07-21 06:07,,Fuel,27.25,0.00,1798463.34
1594,2022-07-21,2022-07-21 15:02,,Salary - Regular,0.00,4576.25,1803039.59
1595,2022-07-22,2022-07-22 16:42,,Entertainment - Movies,47.33,0.00,1802992.26
1596,2022-07-22,2022-07-22 06:20,,Groceries - Supermarket,250.90,0.00,1802741.36
1597,2022-07-22,2022-07-22 17:06,,Fuel,68.74,0.00,1802672.62
1598,2022-07-23,2022-07-23 15:54,,Freelance Income,0.00,1906.41,1804579.03
1599,2022-07-23,2022-07-23 05:48,,Healthcare - Regular,89.98,0.00,1804489.05
1600,2022-07-24,2022-07-24 09:51,,Salary - Regular,0.00,3282.97,1807772.02
1601,2022-07-24,2022-07-24 01:42,,Fuel,50.70,0.00,1807721.32
1602,2022-07-24,2022-07-24 09:18,,Groceries - Online Delivery,99.50,0.00,1807621.82
1603,2022-07-25,2022-07-25 05:24,,Rental Income,0.00,2924.68,1810546.50
1604,2022-07-25,2022-07-25 18:42,,Salary - Regular,0.00,4127.96,1814674.46
1605,2022-07-26,2022-07-26 14:15,,Utilities - Electricity,293.26,0.00,1814381.20
1606,2022-07-26,2022-07-26 12:43,,Groceries - Online Delivery,150.42,0.00,1814230.78
1607,2022-07-27,2022-07-27 06:39,,Groceries - Online Delivery,81.55,0.00,1814149.23
1608,2022-07-28,2022-07-28 08:37,,Salary - Regular,0.00,2603.85,1816753.08
1609,2022-07-29,2022-07-29 05:05,,Coffee Shop,8.43,0.00,1816744.65
1610,2022-07-29,2022-07-29 20:45,,Salary - Regular,0.00,2487.88,1819232.53
1611,2022-07-30,2022-07-30 02:18,,Salary - Regular,0.00,4115.89,1823348.42
1612,2022-07-30,2022-07-30 02:29,,Utilities - Water,206.92,0.00,1823141.50
1613,2022-07-30,2022-07-30 22:52,,Entertainment - Movies,99.59,0.00,1823041.91
1614,2022-07-31,2022-07-31 15:17,,Investment Returns - Stocks,0.00,2189.20,1825231.11
1615,2022-07-31,2022-07-31 04:46,,Loan EMI,2016.98,0.00,1823214.13
1616,2022-07-31,2022-07-31 09:36,,Salary - Regular,0.00,2434.08,1825648.21
1617,2022-08-01,2022-08-01 00:59,,Salary - Regular,0.00,4233.68,1829881.89
1618,2022-08-01,2022-08-01 12:04,,Utilities - Electricity,215.10,0.00,1829666.79
1619,2022-08-01,2022-08-01 12:04,,Loan EMI,2976.76,0.00,1826690.03
1620,2022-08-01,2022-08-01 11:15,,Investment Returns - Crypto,0.00,1685.04,1828375.07
1621,2022-08-02,2022-08-02 22:14,,Utilities - Electricity,145.73,0.00,1828229.34
1622,2022-08-02,2022-08-02 14:27,,Utilities - Electricity,427.77,0.00,1827801.57
1623,2022-08-02,2022-08-02 18:58,,Investment Returns - Crypto,0.00,5885.66,1833687.23
1624,2022-08-03,2022-08-03 16:22,,Groceries - Online Delivery,227.51,0.00,1833459.72
1625,2022-08-03,2022-08-03 02:52,,Coffee Shop,21.26,0.00,1833438.46
1626,2022-08-03,2022-08-03 20:29,,Freelance Income,0.00,3999.37,1837437.83
1627,2022-08-04,2022-08-04 19:26,,Loan EMI,2700.13,0.00,1834737.70
1628,2022-08-04,2022-08-04 05:56,,Loan EMI,3357.01,0.00,1831380.69
1629,2022-08-04,2022-08-04 20:20,,Dividends,0.00,964.21,1832344.90
1630,2022-08-04,2022-08-04 00:30,,Dining - Fine Dining,535.20,0.00,1831809.70
1631,2022-08-05,2022-08-05 00:25,,Freelance Income,0.00,3540.34,1835350.04
1632,2022-08-06,2022-08-06 09:06,,Investment - Stocks,14991.78,0.00,1820358.26
1633,2022-08-06,2022-08-06 06:32,,Dining - Fine Dining,797.93,0.00,1819560.33
1634,2022-08-07,2022-08-07 11:30,,Public Transport,16.91,0.00,1819543.42
1635,2022-08-07,2022-08-07 10:20,,Entertainment - Movies,78.03,0.00,1819465.39
1636,2022-08-07,2022-08-07 18:41,,Groceries - Online Delivery,290.91,0.00,1819174.48
1637,2022-08-08,2022-08-08 21:54,,Freelance Income,0.00,2261.74,1821436.22
1638,2022-08-09,2022-08-09 00:09,,Salary - Regular,0.00,7189.70,1828625.92
1639,2022-08-09,2022-08-09 00:16,,Freelance Income,0.00,1870.15,1830496.07
1640,2022-08-10,2022-08-10 00:53,,Dining - Fine Dining,782.56,0.00,1829713.51
1641,2022-08-10,2022-08-10 07:03,,Groceries - Online Delivery,196.08,0.00,1829517.43
1642,2022-08-10,2022-08-10 21:48,,Investment - Crypto,767.30,0.00,1828750.13
1643,2022-08-11,2022-08-11 03:43,,Investment Returns - Stocks,0.00,6874.54,1835624.67
1644,2022-08-11,2022-08-11 13:22,,Loan EMI,2779.68,0.00,1832844.99
1645,2022-08-12,2022-08-12 09:10,,Cashback,0.00,450.18,1833295.17
1646,2022-08-12,2022-08-12 03:23,,Salary - Regular,0.00,6019.27,1839314.44
1647,2022-08-12,2022-08-12 18:03,,Investment Returns - Stocks,0.00,1036.70,1840351.14
1648,2022-08-13,2022-08-13 22:07,,Groceries - Supermarket,569.36,0.00,1839781.78
1649,2022-08-15,2022-08-15 22:58,,Utilities - Electricity,241.21,0.00,1839540.57
1650,2022-08-15,2022-08-15 16:03,,Freelance Income,0.00,3016.75,1842557.32
1651,2022-08-16,2022-08-16 05:29,,Fuel,111.23,0.00,1842446.09
1652,2022-08-16,2022-08-16 15:57,,Entertainment - Movies,29.79,0.00,1842416.30
1653,2022-08-17,2022-08-17 15:02,,Salary - Regular,0.00,7514.30,1849930.60
1654,2022-08-17,2022-08-17 12:17,,Utilities - Electricity,217.95,0.00,1849712.65
1655,2022-08-17,2022-08-17 02:18,,Freelance Income,0.00,971.14,1850683.79
1656,2022-08-18,2022-08-18 09:45,,Fuel,47.62,0.00,1850636.17
1657,2022-08-19,2022-08-19 09:00,,Public Transport,6.09,0.00,1850630.08
1658,2022-08-20,2022-08-20 17:36,,Entertainment - Movies,88.23,0.00,1850541.85
1659,2022-08-20,2022-08-20 15:00,,Dividends,0.00,786.33,1851328.18
1660,2022-08-20,2022-08-20 12:42,,Investment Returns - Crypto,0.00,247.76,1851575.94
1661,2022-08-21,2022-08-21 18:39,,Salary - Regular,0.00,5699.73,1857275.67
1662,2022-08-21,2022-08-21 13:12,,Dining - Casual Restaurant,157.42,0.00,1857118.25
1663,2022-08-23,2022-08-23 16:02,,Healthcare - Emergency,5018.41,0.00,1852099.84
1664,2022-08-24,2022-08-24 18:56,,Groceries - Supermarket,239.51,0.00,1851860.33
1665,2022-08-25,2022-08-25 06:05,,Dining - Casual Restaurant,63.20,0.00,1851797.13
1666,2022-08-25,2022-08-25 07:18,,Groceries - Online Delivery,198.21,0.00,1851598.92
1667,2022-08-26,2022-08-26 05:38,,Groceries - Online Delivery,107.93,0.00,1851490.99
1668,2022-08-27,2022-08-27 12:35,,Dividends,0.00,993.71,1852484.70
1669,2022-08-27,2022-08-27 17:47,,Healthcare - Regular,121.33,0.00,1852363.37
1670,2022-08-28,2022-08-28 15:58,,Salary - Bonus,0.00,14452.15,1866815.52
1671,2022-08-29,2022-08-29 02:56,,Salary - Regular,0.00,3729.91,1870545.43
1672,2022-08-30,2022-08-30 15:07,,Salary - Regular,0.00,7560.82,1878106.25
1673,2022-08-30,2022-08-30 19:56,,Healthcare - Regular,130.43,0.00,1877975.82
1674,2022-08-30,2022-08-30 16:07,,Freelance Income,0.00,1755.64,1879731.46
1675,2022-08-30,2022-08-30 07:29,,Salary - Regular,0.00,5577.59,1885309.05
1676,2022-08-31,2022-08-31 01:47,,Coffee Shop,11.36,0.00,1885297.69
1677,2022-08-31,2022-08-31 05:41,,Public Transport,21.60,0.00,1885276.09
1678,2022-09-01,2022-09-01 15:35,,Groceries - Online Delivery,106.18,0.00,1885169.91
1679,2022-09-01,2022-09-01 20:48,,Coffee Shop,32.94,0.00,1885136.97
1680,2022-09-04,2022-09-04 02:03,,Investment Returns - Crypto,0.00,2981.67,1888118.64
1681,2022-09-04,2022-09-04 10:19,,Utilities - Electricity,420.99,0.00,1887697.65
1682,2022-09-04,2022-09-04 22:50,,Coffee Shop,34.40,0.00,1887663.25
1683,2022-09-05,2022-09-05 18:18,,Dividends,0.00,368.47,1888031.72
1684,2022-09-06,2022-09-06 09:08,,Groceries - Online Delivery,242.42,0.00,1887789.30
1685,2022-09-06,2022-09-06 17:30,,Fuel,34.71,0.00,1887754.59
1686,2022-09-07,2022-09-07 20:43,,Groceries - Online Delivery,119.53,0.00,1887635.06
1687,2022-09-08,2022-09-08 01:34,,Public Transport,11.85,0.00,1887623.21
1688,2022-09-09,2022-09-09 09:43,,Groceries - Online Delivery,316.80,0.00,1887306.41
1689,2022-09-10,2022-09-10 02:34,,Dining - Casual Restaurant,319.23,0.00,1886987.18
1690,2022-09-11,2022-09-11 06:38,,Dining - Fine Dining,1737.39,0.00,1885249.79
1691,2022-09-11,2022-09-11 18:34,,Rental Income,0.00,2603.38,1887853.17
1692,2022-09-11,2022-09-11 21:28,,Freelance Income,0.00,2403.54,1890256.71
1693,2022-09-11,2022-09-11 18:54,,Fuel,60.82,0.00,1890195.89
1694,2022-09-12,2022-09-12 20:48,,Coffee Shop,21.87,0.00,1890174.02
1695,2022-09-12,2022-09-12 23:53,,Rental Income,0.00,3685.39,1893859.41
1696,2022-09-12,2022-09-12 18:59,,Rental Income,0.00,2756.19,1896615.60
1697,2022-09-13,2022-09-13 19:38,,Salary - Regular,0.00,3265.22,1899880.82
1698,2022-09-15,2022-09-15 06:57,,Loan EMI,2811.33,0.00,1897069.49
1699,2022-09-15,2022-09-15 07:24,,Entertainment - Movies,55.67,0.00,1897013.82
1700,2022-09-15,2022-09-15 18:58,,Coffee Shop,16.41,0.00,1896997.41
1701,2022-09-16,2022-09-16 09:30,,Groceries - Supermarket,144.08,0.00,1896853.33
1702,2022-09-16,2022-09-16 13:53,,Groceries - Online Delivery,194.56,0.00,1896658.77
1703,2022-09-16,2022-09-16 07:55,,Salary - Bonus,0.00,5463.83,1902122.60
1704,2022-09-17,2022-09-17 18:36,,Loan EMI,4577.00,0.00,1897545.60
1705,2022-09-17,2022-09-17 03:14,,Groceries - Online Delivery,221.60,0.00,1897324.00
1706,2022-09-18,2022-09-18 18:34,,Freelance Income,0.00,2536.46,1899860.46
1707,2022-09-18,2022-09-18 10:26,,Fuel,91.28,0.00,1899769.18
1708,2022-09-19,2022-09-19 05:52,,Public Transport,8.32,0.00,1899760.86
1709,2022-09-19,2022-09-19 20:46,,Cashback,0.00,231.93,1899992.79
1710,2022-09-19,2022-09-19 06:03,,Cashback,0.00,510.55,1900503.34
1711,2022-09-19,2022-09-19 14:49,,Rental Income,0.00,5175.52,1905678.86
1712,2022-09-20,2022-09-20 03:56,,Dining - Fine Dining,252.67,0.00,1905426.19
1713,2022-09-20,2022-09-20 21:53,,Fuel,85.36,0.00,1905340.83
1714,2022-09-20,2022-09-20 07:39,,Fuel,57.19,0.00,1905283.64
1715,2022-09-21,2022-09-21 13:33,,Salary - Regular,0.00,7267.51,1912551.15
1716,2022-09-22,2022-09-22 08:38,,Dining - Fine Dining,230.68,0.00,1912320.47
1717,2022-09-22,2022-09-22 19:30,,Groceries - Supermarket,277.65,0.00,1912042.82
1718,2022-09-22,2022-09-22 01:38,,Salary - Regular,0.00,7680.43,1919723.25
1719,2022-09-23,2022-09-23 09:34,,Freelance Income,0.00,2055.63,1921778.88
1720,2022-09-24,2022-09-24 20:19,,Freelance Income,0.00,5180.91,1926959.79
1721,2022-09-24,2022-09-24 09:10,,Public Transport,13.68,0.00,1926946.11
1722,2022-09-25,2022-09-25 10:37,,Investment Returns - Stocks,0.00,8456.87,1935402.98
1723,2022-09-26,2022-09-26 18:56,,Groceries - Supermarket,85.68,0.00,1935317.30
1724,2022-09-26,2022-09-26 08:31,,Public Transport,11.40,0.00,1935305.90
1725,2022-09-26,2022-09-26 10:47,,Dining - Casual Restaurant,61.85,0.00,1935244.05
1726,2022-09-27,2022-09-27 06:08,,Groceries - Online Delivery,121.45,0.00,1935122.60
1727,2022-09-29,2022-09-29 08:41,,Dining - Casual Restaurant,245.58,0.00,1934877.02
1728,2022-09-29,2022-09-29 12:58,,Groceries - Online Delivery,261.35,0.00,1934615.67
1729,2022-09-29,2022-09-29 09:37,,Dividends,0.00,325.03,1934940.70
1730,2022-09-29,2022-09-29 22:16,,Public Transport,6.36,0.00,1934934.34
1731,2022-09-30,2022-09-30 10:09,,Freelance Income,0.00,1072.56,1936006.90
1732,2022-09-30,2022-09-30 19:41,,Healthcare - Regular,215.32,0.00,1935791.58
1733,2022-10-01,2022-10-01 15:36,,Groceries - Online Delivery,216.81,0.00,1935574.77
1734,2022-10-01,2022-10-01 18:06,,Utilities - Electricity,426.15,0.00,1935148.62
1735,2022-10-02,2022-10-02 21:51,,Salary - Regular,0.00,6996.77,1942145.39
1736,2022-10-02,2022-10-02 21:10,,Investment - Stocks,15947.18,0.00,1926198.21
1737,2022-10-03,2022-10-03 18:17,,Groceries - Supermarket,151.54,0.00,1926046.67
1738,2022-10-03,2022-10-03 09:56,,Groceries - Online Delivery,127.78,0.00,1925918.89
1739,2022-10-04,2022-10-04 23:10,,Investment Returns - Crypto,0.00,3464.17,1929383.06
1740,2022-10-04,2022-10-04 12:31,,Salary - Regular,0.00,6335.01,1935718.07
1741,2022-10-04,2022-10-04 21:25,,Salary - Bonus,0.00,17638.36,1953356.43
1742,2022-10-05,2022-10-05 02:23,,Fuel,35.68,0.00,1953320.75
1743,2022-10-05,2022-10-05 04:21,,Salary - Regular,0.00,6023.72,1959344.47
1744,2022-10-05,2022-10-05 16:15,,Rental Income,0.00,2216.13,1961560.60
1745,2022-10-06,2022-10-06 02:49,,Entertainment - Movies,86.40,0.00,1961474.20
1746,2022-10-07,2022-10-07 22:29,,Entertainment - Movies,33.07,0.00,1961441.13
1747,2022-10-07,2022-10-07 03:04,,Investment - Crypto,2481.47,0.00,1958959.66
1748,2022-10-08,2022-10-08 17:14,,Public Transport,7.40,0.00,1958952.26
1749,2022-10-08,2022-10-08 06:50,,Salary - Bonus,0.00,9594.79,1968547.05
1750,2022-10-08,2022-10-08 15:18,,Dividends,0.00,389.03,1968936.08
1751,2022-10-09,2022-10-09 23:18,,Entertainment - Concerts,1181.01,0.00,1967755.07
1752,2022-10-09,2022-10-09 15:16,,Salary - Regular,0.00,6235.20,1973990.27
1753,2022-10-10,2022-10-10 12:06,,Freelance Income,0.00,2334.38,1976324.65
1754,2022-10-10,2022-10-10 17:37,,Healthcare - Regular,215.87,0.00,1976108.78
1755,2022-10-10,2022-10-10 00:18,,Freelance Income,0.00,5737.02,1981845.80
1756,2022-10-10,2022-10-10 03:10,,Cashback,0.00,494.17,1982339.97
1757,2022-10-11,2022-10-11 19:45,,Groceries - Supermarket,54.87,0.00,1982285.10
1758,2022-10-12,2022-10-12 00:44,,Groceries - Online Delivery,271.55,0.00,1982013.55
1759,2022-10-12,2022-10-12 15:08,,Investment Returns - Crypto,0.00,996.44,1983009.99
1760,2022-10-12,2022-10-12 19:07,,Public Transport,2.49,0.00,1983007.50
1761,2022-10-12,2022-10-12 14:55,,Groceries - Online Delivery,225.31,0.00,1982782.19
1762,2022-10-13,2022-10-13 00:42,,Utilities - Water,231.74,0.00,1982550.45
1763,2022-10-13,2022-10-13 20:06,,Dividends,0.00,1411.85,1983962.30
1764,2022-10-16,2022-10-16 00:57,,Investment - Crypto,10006.87,0.00,1973955.43
1765,2022-10-16,2022-10-16 12:31,,Dining - Casual Restaurant,112.55,0.00,1973842.88
1766,2022-10-17,2022-10-17 09:53,,Entertainment - Movies,43.00,0.00,1973799.88
1767,2022-10-18,2022-10-18 19:34,,Utilities - Water,135.75,0.00,1973664.13
1768,2022-10-18,2022-10-18 19:42,,Dining - Casual Restaurant,42.79,0.00,1973621.34
1769,2022-10-19,2022-10-19 12:17,,Investment Returns - Stocks,0.00,10956.66,1984578.00
1770,2022-10-19,2022-10-19 14:27,,Groceries - Online Delivery,171.61,0.00,1984406.39
1771,2022-10-20,2022-10-20 09:20,,Healthcare - Emergency,4224.21,0.00,1980182.18
1772,2022-10-21,2022-10-21 07:58,,Groceries - Supermarket,114.04,0.00,1980068.14
1773,2022-10-21,2022-10-21 21:54,,Salary - Regular,0.00,6206.46,1986274.60
1774,2022-10-22,2022-10-22 12:38,,Investment Returns - Crypto,0.00,5247.32,1991521.92
1775,2022-10-23,2022-10-23 12:51,,Freelance Income,0.00,1005.85,1992527.77
1776,2022-10-24,2022-10-24 02:03,,Coffee Shop,17.96,0.00,1992509.81
1777,2022-10-25,2022-10-25 05:18,,Rental Income,0.00,4622.09,1997131.90
1778,2022-10-25,2022-10-25 14:02,,Groceries - Supermarket,100.12,0.00,1997031.78
1779,2022-10-26,2022-10-26 08:37,,Coffee Shop,10.91,0.00,1997020.87
1780,2022-10-26,2022-10-26 02:54,,Coffee Shop,6.86,0.00,1997014.01
1781,2022-10-27,2022-10-27 22:37,,Investment Returns - Stocks,0.00,4057.82,2001071.83
1782,2022-10-28,2022-10-28 07:26,,Healthcare - Regular,237.98,0.00,2000833.85
1783,2022-10-28,2022-10-28 04:34,,Investment - Stocks,3816.28,0.00,1997017.57
1784,2022-10-29,2022-10-29 11:35,,Fuel,74.63,0.00,1996942.94
1785,2022-10-29,2022-10-29 15:16,,Dining - Casual Restaurant,71.78,0.00,1996871.16
1786,2022-10-29,2022-10-29 18:52,,Groceries - Online Delivery,325.06,0.00,1996546.10
1787,2022-10-30,2022-10-30 19:25,,Public Transport,21.22,0.00,1996524.88
1788,2022-10-30,2022-10-30 21:01,,Coffee Shop,15.52,0.00,1996509.36
1789,2022-11-02,2022-11-02 02:56,,Coffee Shop,6.32,0.00,1996503.04
1790,2022-11-03,2022-11-03 09:50,,Utilities - Electricity,322.35,0.00,1996180.69
1791,2022-11-03,2022-11-03 20:45,,Entertainment - Movies,63.02,0.00,1996117.67
1792,2022-11-03,2022-11-03 17:01,,Rental Income,0.00,2689.13,1998806.80
1793,2022-11-04,2022-11-04 19:43,,Public Transport,3.89,0.00,1998802.91
1794,2022-11-04,2022-11-04 13:58,,Rental Income,0.00,2357.58,2001160.49
1795,2022-11-04,2022-11-04 18:23,,Healthcare - Emergency,1854.22,0.00,1999306.27
1796,2022-11-05,2022-11-05 23:38,,Fuel,186.04,0.00,1999120.23
1797,2022-11-05,2022-11-05 09:18,,Loan EMI,3751.81,0.00,1995368.42
1798,2022-11-06,2022-11-06 03:39,,Salary - Regular,0.00,4963.77,2000332.19
1799,2022-11-07,2022-11-07 07:03,,Groceries - Supermarket,334.27,0.00,1999997.92
1800,2022-11-08,2022-11-08 14:01,,Freelance Income,0.00,5241.78,2005239.70
1801,2022-11-09,2022-11-09 17:45,,Freelance Income,0.00,3463.24,2008702.94
1802,2022-11-10,2022-11-10 13:53,,Investment Returns - Crypto,0.00,1269.49,2009972.43
1803,2022-11-11,2022-11-11 12:57,,Groceries - Supermarket,282.79,0.00,2009689.64
1804,2022-11-11,2022-11-11 02:53,,Freelance Income,0.00,5389.52,2015079.16
1805,2022-11-12,2022-11-12 14:21,,Salary - Regular,0.00,4495.51,2019574.67
1806,2022-11-12,2022-11-12 20:04,,Dining - Casual Restaurant,333.44,0.00,2019241.23
1807,2022-11-13,2022-11-13 02:35,,Salary - Regular,0.00,4484.29,2023725.52
1808,2022-11-14,2022-11-14 15:19,,Rental Income,0.00,1913.86,2025639.38
1809,2022-11-14,2022-11-14 21:15,,Dining - Casual Restaurant,42.85,0.00,2025596.53
1810,2022-11-14,2022-11-14 02:18,,Freelance Income,0.00,1754.16,2027350.69
1811,2022-11-15,2022-11-15 14:48,,Salary - Regular,0.00,3867.64,2031218.33
1812,2022-11-15,2022-11-15 16:02,,Public Transport,3.35,0.00,2031214.98
1813,2022-11-16,2022-11-16 01:45,,Groceries - Supermarket,388.58,0.00,2030826.40
1814,2022-11-16,2022-11-16 18:43,,Investment - Stocks,11905.71,0.00,2018920.69
1815,2022-11-16,2022-11-16 06:10,,Coffee Shop,26.63,0.00,2018894.06
1816,2022-11-18,2022-11-18 10:06,,Rental Income,0.00,4063.38,2022957.44
1817,2022-11-19,2022-11-19 14:47,,Dining - Fine Dining,1463.30,0.00,2021494.14
1818,2022-11-20,2022-11-20 11:46,,Dining - Fine Dining,886.70,0.00,2020607.44
1819,2022-11-22,2022-11-22 06:16,,Investment Returns - Crypto,0.00,1571.41,2022178.85
1820,2022-11-22,2022-11-22 14:34,,Groceries - Supermarket,125.03,0.00,2022053.82
1821,2022-11-23,2022-11-23 07:15,,Dining - Casual Restaurant,67.86,0.00,2021985.96
1822,2022-11-23,2022-11-23 19:49,,Coffee Shop,6.05,0.00,2021979.91
1823,2022-11-24,2022-11-24 12:58,,Investment Returns - Crypto,0.00,699.97,2022679.88
1824,2022-11-24,2022-11-24 07:50,,Investment Returns - Crypto,0.00,2959.34,2025639.22
1825,2022-11-25,2022-11-25 19:07,,Salary - Regular,0.00,4639.07,2030278.29
1826,2022-11-26,2022-11-26 16:16,,Groceries - Supermarket,130.18,0.00,2030148.11
1827,2022-11-26,2022-11-26 02:32,,Groceries - Online Delivery,241.50,0.00,2029906.61
1828,2022-11-26,2022-11-26 04:47,,Groceries - Supermarket,369.86,0.00,2029536.75
1829,2022-11-28,2022-11-28 23:52,,Freelance Income,0.00,1909.43,2031446.18
1830,2022-11-29,2022-11-29 22:00,,Investment Returns - Stocks,0.00,3606.02,2035052.20
1831,2022-11-29,2022-11-29 06:14,,Fuel,54.23,0.00,2034997.97
1832,2022-12-01,2022-12-01 05:53,,Healthcare - Regular,323.45,0.00,2034674.52
1833,2022-12-02,2022-12-02 23:59,,Coffee Shop,37.42,0.00,2034637.10
1834,2022-12-03,2022-12-03 10:07,,Salary - Bonus,0.00,37063.47,2071700.57
1835,2022-12-05,2022-12-05 03:39,,Groceries - Supermarket,397.29,0.00,2071303.28
1836,2022-12-05,2022-12-05 23:43,,Loan EMI,1660.99,0.00,2069642.29
1837,2022-12-06,2022-12-06 02:18,,Dining - Casual Restaurant,237.40,0.00,2069404.89
1838,2022-12-07,2022-12-07 11:30,,Loan EMI,1789.85,0.00,2067615.04
1839,2022-12-08,2022-12-08 23:47,,Investment Returns - Stocks,0.00,672.47,2068287.51
1840,2022-12-08,2022-12-08 01:02,,Groceries - Supermarket,364.61,0.00,2067922.90
1841,2022-12-08,2022-12-08 03:26,,Rental Income,0.00,7824.53,2075747.43
1842,2022-12-09,2022-12-09 11:23,,Loan EMI,4985.79,0.00,2070761.64
1843,2022-12-10,2022-12-10 08:41,,Salary - Regular,0.00,8258.80,2079020.44
1844,2022-12-11,2022-12-11 04:44,,Freelance Income,0.00,3288.45,2082308.89
1845,2022-12-11,2022-12-11 08:13,,Utilities - Water,532.04,0.00,2081776.85
1846,2022-12-12,2022-12-12 06:15,,Groceries - Online Delivery,339.35,0.00,2081437.50
1847,2022-12-14,2022-12-14 17:34,,Healthcare - Emergency,8937.98,0.00,2072499.52
1848,2022-12-15,2022-12-15 23:19,,Salary - Regular,0.00,10793.12,2083292.64
1849,2022-12-15,2022-12-15 04:54,,Dining - Fine Dining,661.24,0.00,2082631.40
1850,2022-12-15,2022-12-15 22:55,,Fuel,81.86,0.00,2082549.54
1851,2022-12-16,2022-12-16 11:41,,Public Transport,5.60,0.00,2082543.94
1852,2022-12-16,2022-12-16 19:53,,Loan EMI,1844.64,0.00,2080699.30
1853,2022-12-16,2022-12-16 01:57,,Investment Returns - Stocks,0.00,6111.49,2086810.79
1854,2022-12-16,2022-12-16 06:36,,Entertainment - Concerts,1260.97,0.00,2085549.82
1855,2022-12-17,2022-12-17 05:24,,Public Transport,4.94,0.00,2085544.88
1856,2022-12-17,2022-12-17 16:42,,Dining - Casual Restaurant,223.96,0.00,2085320.92
1857,2022-12-17,2022-12-17 14:23,,Loan EMI,2179.89,0.00,2083141.03
1858,2022-12-18,2022-12-18 11:14,,Salary - Regular,0.00,6562.12,2089703.15
1859,2022-12-18,2022-12-18 14:48,,Salary - Regular,0.00,5674.95,2095378.10
1860,2022-12-18,2022-12-18 19:52,,Coffee Shop,49.65,0.00,2095328.45
1861,2022-12-19,2022-12-19 13:32,,Salary - Regular,0.00,10995.63,2106324.08
1862,2022-12-19,2022-12-19 07:39,,Dining - Fine Dining,1317.58,0.00,2105006.50
1863,2022-12-21,2022-12-21 23:22,,Fuel,74.58,0.00,2104931.92
1864,2022-12-21,2022-12-21 10:39,,Investment - Crypto,6203.66,0.00,2098728.26
1865,2022-12-22,2022-12-22 03:24,,Dining - Fine Dining,1566.94,0.00,2097161.32
1866,2022-12-22,2022-12-22 12:13,,Investment Returns - Crypto,0.00,2039.50,2099200.82
1867,2022-12-22,2022-12-22 00:52,,Loan EMI,4143.34,0.00,2095057.48
1868,2022-12-22,2022-12-22 06:39,,Utilities - Water,379.49,0.00,2094677.99
1869,2022-12-23,2022-12-23 12:23,,Freelance Income,0.00,8719.30,2103397.29
1870,2022-12-25,2022-12-25 17:46,,Rental Income,0.00,5930.31,2109327.60
1871,2022-12-25,2022-12-25 09:07,,Freelance Income,0.00,3873.75,2113201.35
1872,2022-12-25,2022-12-25 20:16,,Dining - Fine Dining,940.99,0.00,2112260.36
1873,2022-12-25,2022-12-25 07:44,,Rental Income,0.00,4068.47,2116328.83
1874,2022-12-26,2022-12-26 16:49,,Salary - Regular,0.00,8642.06,2124970.89
1875,2022-12-27,2022-12-27 18:14,,Utilities - Electricity,253.61,0.00,2124717.28
1876,2022-12-27,2022-12-27 04:47,,Groceries - Supermarket,415.89,0.00,2124301.39
1877,2022-12-27,2022-12-27 03:31,,Utilities - Water,151.63,0.00,2124149.76
1878,2022-12-27,2022-12-27 11:27,,Dining - Casual Restaurant,314.28,0.00,2123835.48
1879,2022-12-28,2022-12-28 23:42,,Dining - Casual Restaurant,309.69,0.00,2123525.79
1880,2022-12-28,2022-12-28 16:00,,Fuel,138.48,0.00,2123387.31
1881,2022-12-28,2022-12-28 20:54,,Rental Income,0.00,6215.24,2129602.55
1882,2022-12-29,2022-12-29 02:45,,Dining - Casual Restaurant,299.40,0.00,2129303.15
1883,2022-12-29,2022-12-29 19:48,,Groceries - Supermarket,332.49,0.00,2128970.66
1884,2022-12-29,2022-12-29 03:26,,Coffee Shop,52.74,0.00,2128917.92
1885,2022-12-31,2022-12-31 04:52,,Dividends,0.00,1938.83,2130856.75
1886,2022-12-31,2022-12-31 04:15,,Salary - Regular,0.00,11259.59,2142116.34
1887,2023-01-01,2023-01-01 11:48,,Coffee Shop,11.01,0.00,2142105.33
1888,2023-01-01,2023-01-01 01:15,,Healthcare - Regular,270.97,0.00,2141834.36
1889,2023-01-01,2023-01-01 05:44,,Dining - Fine Dining,262.34,0.00,2141572.02
1890,2023-01-02,2023-01-02 11:08,,Investment Returns - Crypto,0.00,3263.81,2144835.83
1891,2023-01-03,2023-01-03 09:28,,Investment - Stocks,12870.15,0.00,2131965.68
1892,2023-01-04,2023-01-04 14:48,,Rental Income,0.00,2027.73,2133993.41
1893,2023-01-04,2023-01-04 11:55,,Salary - Bonus,0.00,17312.38,2151305.79
1894,2023-01-04,2023-01-04 02:36,,Groceries - Online Delivery,109.41,0.00,2151196.38
1895,2023-01-06,2023-01-06 17:33,,Dining - Casual Restaurant,184.21,0.00,2151012.17
1896,2023-01-06,2023-01-06 18:17,,Dining - Casual Restaurant,187.63,0.00,2150824.54
1897,2023-01-06,2023-01-06 18:01,,Salary - Bonus,0.00,10037.84,2160862.38
1898,2023-01-07,2023-01-07 13:22,,Investment Returns - Crypto,0.00,1807.48,2162669.86
1899,2023-01-08,2023-01-08 09:28,,Dining - Casual Restaurant,99.38,0.00,2162570.48
1900,2023-01-08,2023-01-08 08:14,,Fuel,60.97,0.00,2162509.51
1901,2023-01-08,2023-01-08 07:46,,Salary - Regular,0.00,6461.40,2168970.91
1902,2023-01-09,2023-01-09 21:54,,Groceries - Supermarket,171.76,0.00,2168799.15
1903,2023-01-10,2023-01-10 16:41,,Groceries - Online Delivery,170.11,0.00,2168629.04
1904,2023-01-11,2023-01-11 09:23,,Groceries - Supermarket,189.88,0.00,2168439.16
1905,2023-01-12,2023-01-12 06:48,,Salary - Bonus,0.00,6919.80,2175358.96
1906,2023-01-12,2023-01-12 12:28,,Groceries - Online Delivery,114.28,0.00,2175244.68
1907,2023-01-13,2023-01-13 18:30,,Dining - Fine Dining,333.94,0.00,2174910.74
1908,2023-01-13,2023-01-13 22:09,,Coffee Shop,13.50,0.00,2174897.24
1909,2023-01-13,2023-01-13 10:40,,Public Transport,8.21,0.00,2174889.03
1910,2023-01-13,2023-01-13 13:56,,Entertainment - Concerts,387.58,0.00,2174501.45
1911,2023-01-14,2023-01-14 23:22,,Freelance Income,0.00,2692.66,2177194.11
1912,2023-01-15,2023-01-15 10:56,,Investment Returns - Stocks,0.00,2169.75,2179363.86
1913,2023-01-15,2023-01-15 00:18,,Dining - Casual Restaurant,58.80,0.00,2179305.06
1914,2023-01-15,2023-01-15 02:22,,Groceries - Supermarket,297.52,0.00,2179007.54
1915,2023-01-15,2023-01-15 21:10,,Utilities - Water,176.91,0.00,2178830.63
1916,2023-01-16,2023-01-16 11:35,,Groceries - Online Delivery,212.08,0.00,2178618.55
1917,2023-01-16,2023-01-16 06:22,,Fuel,90.64,0.00,2178527.91
1918,2023-01-17,2023-01-17 09:32,,Rental Income,0.00,1572.92,2180100.83
1919,2023-01-17,2023-01-17 17:32,,Dining - Casual Restaurant,151.22,0.00,2179949.61
1920,2023-01-18,2023-01-18 14:39,,Groceries - Online Delivery,147.57,0.00,2179802.04
1921,2023-01-20,2023-01-20 11:58,,Loan EMI,995.14,0.00,2178806.90
1922,2023-01-21,2023-01-21 00:45,,Fuel,84.22,0.00,2178722.68
1923,2023-01-21,2023-01-21 01:43,,Salary - Regular,0.00,3950.82,2182673.50
1924,2023-01-21,2023-01-21 20:15,,Salary - Regular,0.00,7383.10,2190056.60
1925,2023-01-22,2023-01-22 20:05,,Investment Returns - Stocks,0.00,2135.24,2192191.84
1926,2023-01-23,2023-01-23 03:38,,Cashback,0.00,265.98,2192457.82
1927,2023-01-23,2023-01-23 16:46,,Salary - Regular,0.00,5959.04,2198416.86
1928,2023-01-23,2023-01-23 18:20,,Entertainment - Concerts,746.36,0.00,2197670.50
1929,2023-01-24,2023-01-24 22:00,,Utilities - Electricity,318.13,0.00,2197352.37
1930,2023-01-24,2023-01-24 02:15,,Freelance Income,0.00,4937.52,2202289.89
1931,2023-01-24,2023-01-24 03:47,,Public Transport,14.83,0.00,2202275.06
1932,2023-01-25,2023-01-25 13:58,,Dining - Casual Restaurant,103.96,0.00,2202171.10
1933,2023-01-26,2023-01-26 04:33,,Groceries - Online Delivery,111.49,0.00,2202059.61
1934,2023-01-26,2023-01-26 23:40,,Dining - Fine Dining,961.01,0.00,2201098.60
1935,2023-01-28,2023-01-28 06:03,,Investment Returns - Stocks,0.00,9782.18,2210880.78
1936,2023-01-28,2023-01-28 10:37,,Groceries - Online Delivery,229.07,0.00,2210651.71
1937,2023-01-28,2023-01-28 15:38,,Entertainment - Concerts,654.80,0.00,2209996.91
1938,2023-01-28,2023-01-28 09:24,,Investment Returns - Crypto,0.00,3375.89,2213372.80
1939,2023-01-29,2023-01-29 11:37,,Loan EMI,1710.94,0.00,2211661.86
1940,2023-01-29,2023-01-29 00:41,,Dining - Fine Dining,769.27,0.00,2210892.59
1941,2023-01-29,2023-01-29 13:14,,Salary - Bonus,0.00,20378.32,2231270.91
1942,2023-01-30,2023-01-30 16:33,,Dividends,0.00,701.34,2231972.25
1943,2023-01-30,2023-01-30 07:32,,Salary - Regular,0.00,3010.50,2234982.75
1944,2023-01-31,2023-01-31 00:24,,Dining - Casual Restaurant,71.83,0.00,2234910.92
1945,2023-01-31,2023-01-31 23:16,,Dining - Casual Restaurant,184.52,0.00,2234726.40
1946,2023-01-31,2023-01-31 12:20,,Dividends,0.00,316.53,2235042.93
1947,2023-02-01,2023-02-01 18:05,,Groceries - Online Delivery,184.50,0.00,2234858.43
1948,2023-02-01,2023-02-01 00:21,,Fuel,115.05,0.00,2234743.38
1949,2023-02-02,2023-02-02 18:59,,Dining - Casual Restaurant,109.69,0.00,2234633.69
1950,2023-02-04,2023-02-04 04:20,,Public Transport,26.93,0.00,2234606.76
1951,2023-02-04,2023-02-04 16:33,,Dividends,0.00,1040.49,2235647.25
1952,2023-02-04,2023-02-04 09:31,,Investment Returns - Stocks,0.00,276.61,2235923.86
1953,2023-02-05,2023-02-05 04:15,,Coffee Shop,19.88,0.00,2235903.98
1954,2023-02-06,2023-02-06 08:50,,Groceries - Supermarket,391.37,0.00,2235512.61
1955,2023-02-07,2023-02-07 07:32,,Dining - Casual Restaurant,244.46,0.00,2235268.15
1956,2023-02-07,2023-02-07 04:18,,Salary - Regular,0.00,7946.40,2243214.55
1957,2023-02-07,2023-02-07 11:15,,Dining - Casual Restaurant,54.71,0.00,2243159.84
1958,2023-02-08,2023-02-08 00:45,,Salary - Bonus,0.00,21993.03,2265152.87
1959,2023-02-08,2023-02-08 06:15,,Groceries - Supermarket,173.86,0.00,2264979.01
1960,2023-02-08,2023-02-08 20:18,,Groceries - Online Delivery,245.60,0.00,2264733.41
1961,2023-02-08,2023-02-08 20:16,,Healthcare - Regular,225.46,0.00,2264507.95
1962,2023-02-09,2023-02-09 17:02,,Investment Returns - Crypto,0.00,6364.62,2270872.57
1963,2023-02-10,2023-02-10 17:21,,Healthcare - Emergency,2562.36,0.00,2268310.21
1964,2023-02-10,2023-02-10 19:50,,Investment Returns - Crypto,0.00,5005.44,2273315.65
1965,2023-02-11,2023-02-11 16:32,,Freelance Income,0.00,1771.91,2275087.56
1966,2023-02-11,2023-02-11 22:02,,Coffee Shop,7.78,0.00,2275079.78
1967,2023-02-11,2023-02-11 10:31,,Groceries - Supermarket,369.19,0.00,2274710.59
1968,2023-02-12,2023-02-12 01:14,,Groceries - Online Delivery,157.80,0.00,2274552.79
1969,2023-02-13,2023-02-13 17:13,,Loan EMI,3866.90,0.00,2270685.89
1970,2023-02-14,2023-02-14 19:55,,Salary - Regular,0.00,6226.14,2276912.03
1971,2023-02-14,2023-02-14 12:47,,Salary - Regular,0.00,3674.40,2280586.43
1972,2023-02-15,2023-02-15 05:41,,Dining - Casual Restaurant,188.14,0.00,2280398.29
1973,2023-02-15,2023-02-15 04:48,,Fuel,56.74,0.00,2280341.55
1974,2023-02-15,2023-02-15 02:23,,Coffee Shop,18.54,0.00,2280323.01
1975,2023-02-15,2023-02-15 04:26,,Dividends,0.00,1231.92,2281554.93
1976,2023-02-16,2023-02-16 13:08,,Loan EMI,1950.03,0.00,2279604.90
1977,2023-02-17,2023-02-17 02:55,,Utilities - Electricity,195.14,0.00,2279409.76
1978,2023-02-17,2023-02-17 11:12,,Dining - Casual Restaurant,78.41,0.00,2279331.35
1979,2023-02-17,2023-02-17 19:13,,Groceries - Online Delivery,229.78,0.00,2279101.57
1980,2023-02-18,2023-02-18 00:54,,Rental Income,0.00,3273.35,2282374.92
1981,2023-02-18,2023-02-18 04:27,,Coffee Shop,11.66,0.00,2282363.26
1982,2023-02-18,2023-02-18 04:57,,Groceries - Online Delivery,416.69,0.00,2281946.57
1983,2023-02-18,2023-02-18 01:29,,Investment Returns - Stocks,0.00,894.14,2282840.71
1984,2023-02-19,2023-02-19 20:50,,Dining - Fine Dining,1387.07,0.00,2281453.64
1985,2023-02-20,2023-02-20 14:42,,Rental Income,0.00,3780.71,2285234.35
1986,2023-02-20,2023-02-20 14:26,,Groceries - Supermarket,235.62,0.00,2284998.73
1987,2023-02-22,2023-02-22 06:58,,Investment Returns - Crypto,0.00,2315.97,2287314.70
1988,2023-02-23,2023-02-23 15:43,,Salary - Regular,0.00,7234.89,2294549.59
1989,2023-02-23,2023-02-23 12:14,,Entertainment - Movies,58.17,0.00,2294491.42
1990,2023-02-24,2023-02-24 05:47,,Investment - Stocks,9500.16,0.00,2284991.26
1991,2023-02-25,2023-02-25 15:19,,Dividends,0.00,935.14,2285926.40
1992,2023-02-25,2023-02-25 10:19,,Cashback,0.00,399.88,2286326.28
1993,2023-02-25,2023-02-25 16:57,,Groceries - Supermarket,460.11,0.00,2285866.17
1994,2023-02-26,2023-02-26 02:11,,Salary - Regular,0.00,4404.57,2290270.74
1995,2023-02-28,2023-02-28 10:14,,Dining - Casual Restaurant,180.52,0.00,2290090.22
1996,2023-02-28,2023-02-28 04:06,,Investment - Crypto,2667.71,0.00,2287422.51
1997,2023-02-28,2023-02-28 11:55,,Investment Returns - Stocks,0.00,4224.07,2291646.58
1998,2023-03-01,2023-03-01 06:31,,Dividends,0.00,1637.97,2293284.55
1999,2023-03-01,2023-03-01 13:46,,Dining - Fine Dining,957.76,0.00,2292326.79
2000,2023-03-02,2023-03-02 00:22,,Rental Income,0.00,2320.24,2294647.03
2001,2023-03-02,2023-03-02 18:51,,Dining - Casual Restaurant,65.28,0.00,2294581.75
2002,2023-03-03,2023-03-03 11:57,,Healthcare - Regular,257.72,0.00,2294324.03
2003,2023-03-03,2023-03-03 15:27,,Loan EMI,3708.89,0.00,2290615.14
2004,2023-03-03,2023-03-03 07:00,,Dining - Fine Dining,754.21,0.00,2289860.93
2005,2023-03-03,2023-03-03 23:48,,Salary - Regular,0.00,8284.55,2298145.48
2006,2023-03-04,2023-03-04 08:48,,Freelance Income,0.00,2371.94,2300517.42
2007,2023-03-04,2023-03-04 03:18,,Groceries - Supermarket,255.38,0.00,2300262.04
2008,2023-03-04,2023-03-04 11:11,,Salary - Regular,0.00,3657.78,2303919.82
2009,2023-03-05,2023-03-05 01:00,,Fuel,110.21,0.00,2303809.61
2010,2023-03-06,2023-03-06 07:30,,Groceries - Supermarket,149.54,0.00,2303660.07
2011,2023-03-06,2023-03-06 02:51,,Fuel,48.40,0.00,2303611.67
2012,2023-03-08,2023-03-08 13:12,,Dining - Fine Dining,769.86,0.00,2302841.81
2013,2023-03-09,2023-03-09 23:55,,Healthcare - Regular,88.16,0.00,2302753.65
2014,2023-03-09,2023-03-09 03:05,,Fuel,102.36,0.00,2302651.29
2015,2023-03-10,2023-03-10 19:44,,Healthcare - Emergency,1970.20,0.00,2300681.09
2016,2023-03-11,2023-03-11 21:24,,Groceries - Supermarket,189.94,0.00,2300491.15
2017,2023-03-12,2023-03-12 06:51,,Dividends,0.00,1343.72,2301834.87
2018,2023-03-13,2023-03-13 23:13,,Loan EMI,2332.09,0.00,2299502.78
2019,2023-03-13,2023-03-13 11:28,,Freelance Income,0.00,2099.70,2301602.48
2020,2023-03-14,2023-03-14 03:23,,Groceries - Online Delivery,184.96,0.00,2301417.52
2021,2023-03-14,2023-03-14 15:02,,Entertainment - Movies,81.23,0.00,2301336.29
2022,2023-03-14,2023-03-14 20:05,,Dining - Casual Restaurant,166.85,0.00,2301169.44
2023,2023-03-14,2023-03-14 08:39,,Salary - Bonus,0.00,7205.88,2308375.32
2024,2023-03-15,2023-03-15 17:58,,Groceries - Supermarket,286.91,0.00,2308088.41
2025,2023-03-15,2023-03-15 21:30,,Dividends,0.00,1263.25,2309351.66
2026,2023-03-16,2023-03-16 17:57,,Public Transport,12.18,0.00,2309339.48
2027,2023-03-16,2023-03-16 22:57,,Groceries - Supermarket,261.34,0.00,2309078.14
2028,2023-03-17,2023-03-17 04:46,,Loan EMI,3421.08,0.00,2305657.06
2029,2023-03-17,2023-03-17 18:09,,Groceries - Supermarket,339.77,0.00,2305317.29
2030,2023-03-18,2023-03-18 22:26,,Utilities - Water,291.01,0.00,2305026.28
2031,2023-03-19,2023-03-19 13:44,,Utilities - Water,109.57,0.00,2304916.71
2032,2023-03-20,2023-03-20 04:51,,Public Transport,6.01,0.00,2304910.70
2033,2023-03-20,2023-03-20 07:44,,Groceries - Supermarket,79.32,0.00,2304831.38
2034,2023-03-21,2023-03-21 10:47,,Fuel,136.42,0.00,2304694.96
2035,2023-03-21,2023-03-21 03:35,,Groceries - Online Delivery,182.04,0.00,2304512.92
2036,2023-03-22,2023-03-22 13:30,,Groceries - Supermarket,338.68,0.00,2304174.24
2037,2023-03-23,2023-03-23 08:01,,Investment - Crypto,4506.38,0.00,2299667.86
2038,2023-03-24,2023-03-24 00:43,,Coffee Shop,22.92,0.00,2299644.94
2039,2023-03-25,2023-03-25 23:23,,Fuel,86.90,0.00,2299558.04
2040,2023-03-26,2023-03-26 12:27,,Entertainment - Movies,96.38,0.00,2299461.66
2041,2023-03-26,2023-03-26 05:20,,Salary - Regular,0.00,6222.06,2305683.72
2042,2023-03-26,2023-03-26 16:23,,Utilities - Electricity,448.00,0.00,2305235.72
2043,2023-03-26,2023-03-26 09:36,,Coffee Shop,22.51,0.00,2305213.21
2044,2023-03-27,2023-03-27 17:15,,Dividends,0.00,1130.43,2306343.64
2045,2023-03-27,2023-03-27 10:16,,Salary - Regular,0.00,6117.98,2312461.62
2046,2023-03-27,2023-03-27 17:49,,Dining - Casual Restaurant,206.02,0.00,2312255.60
2047,2023-03-28,2023-03-28 05:23,,Groceries - Supermarket,101.01,0.00,2312154.59
2048,2023-03-28,2023-03-28 18:10,,Salary - Regular,0.00,3659.66,2315814.25
2049,2023-03-30,2023-03-30 12:44,,Entertainment - Concerts,677.95,0.00,2315136.30
2050,2023-03-30,2023-03-30 05:06,,Groceries - Online Delivery,211.99,0.00,2314924.31
2051,2023-03-30,2023-03-30 10:24,,Dining - Casual Restaurant,154.21,0.00,2314770.10
2052,2023-03-30,2023-03-30 23:45,,Freelance Income,0.00,3298.58,2318068.68
2053,2023-03-31,2023-03-31 12:10,,Rental Income,0.00,3792.49,2321861.17
2054,2023-03-31,2023-03-31 18:10,,Groceries - Supermarket,178.72,0.00,2321682.45
2055,2023-03-31,2023-03-31 22:37,,Salary - Regular,0.00,5281.28,2326963.73
2056,2023-03-31,2023-03-31 17:05,,Loan EMI,3387.97,0.00,2323575.76
2057,2023-04-01,2023-04-01 02:27,,Rental Income,0.00,3900.09,2327475.85
2058,2023-04-01,2023-04-01 20:49,,Dining - Fine Dining,322.72,0.00,2327153.13
2059,2023-04-01,2023-04-01 01:41,,Investment Returns - Stocks,0.00,5321.56,2332474.69
2060,2023-04-02,2023-04-02 19:53,,Salary - Regular,0.00,3821.06,2336295.75
2061,2023-04-02,2023-04-02 19:20,,Investment - Stocks,12017.55,0.00,2324278.20
2062,2023-04-04,2023-04-04 23:06,,Coffee Shop,13.78,0.00,2324264.42
2063,2023-04-04,2023-04-04 05:15,,Dining - Casual Restaurant,92.18,0.00,2324172.24
2064,2023-04-04,2023-04-04 18:22,,Entertainment - Concerts,306.61,0.00,2323865.63
2065,2023-04-05,2023-04-05 20:01,,Salary - Bonus,0.00,13324.55,2337190.18
2066,2023-04-06,2023-04-06 08:29,,Dining - Fine Dining,1244.51,0.00,2335945.67
2067,2023-04-07,2023-04-07 20:13,,Investment Returns - Crypto,0.00,264.61,2336210.28
2068,2023-04-08,2023-04-08 21:39,,Fuel,135.74,0.00,2336074.54
2069,2023-04-09,2023-04-09 02:16,,Freelance Income,0.00,3401.95,2339476.49
2070,2023-04-09,2023-04-09 18:05,,Investment Returns - Stocks,0.00,9722.18,2349198.67
2071,2023-04-10,2023-04-10 17:47,,Public Transport,12.36,0.00,2349186.31
2072,2023-04-11,2023-04-11 15:59,,Utilities - Water,263.58,0.00,2348922.73
2073,2023-04-11,2023-04-11 10:41,,Investment Returns - Stocks,0.00,2456.47,2351379.20
2074,2023-04-12,2023-04-12 09:50,,Dining - Casual Restaurant,36.70,0.00,2351342.50
2075,2023-04-15,2023-04-15 11:48,,Groceries - Online Delivery,269.78,0.00,2351072.72
2076,2023-04-15,2023-04-15 20:35,,Rental Income,0.00,2008.10,2353080.82
2077,2023-04-16,2023-04-16 16:22,,Entertainment - Movies,36.95,0.00,2353043.87
2078,2023-04-17,2023-04-17 01:03,,Groceries - Supermarket,174.76,0.00,2352869.11
2079,2023-04-17,2023-04-17 17:55,,Dividends,0.00,749.05,2353618.16
2080,2023-04-18,2023-04-18 17:36,,Loan EMI,1912.68,0.00,2351705.48
2081,2023-04-19,2023-04-19 15:49,,Entertainment - Concerts,487.25,0.00,2351218.23
2082,2023-04-20,2023-04-20 04:25,,Groceries - Supermarket,170.05,0.00,2351048.18
2083,2023-04-21,2023-04-21 06:18,,Coffee Shop,14.56,0.00,2351033.62
2084,2023-04-22,2023-04-22 05:20,,Utilities - Electricity,573.64,0.00,2350459.98
2085,2023-04-22,2023-04-22 20:05,,Loan EMI,5096.47,0.00,2345363.51
2086,2023-04-24,2023-04-24 22:59,,Salary - Regular,0.00,7857.48,2353220.99
2087,2023-04-25,2023-04-25 21:43,,Loan EMI,1216.53,0.00,2352004.46
2088,2023-04-26,2023-04-26 22:07,,Entertainment - Concerts,851.96,0.00,2351152.50
2089,2023-04-27,2023-04-27 04:52,,Public Transport,9.31,0.00,2351143.19
2090,2023-04-27,2023-04-27 18:57,,Public Transport,7.19,0.00,2351136.00
2091,2023-04-28,2023-04-28 00:27,,Fuel,89.44,0.00,2351046.56
2092,2023-04-29,2023-04-29 10:34,,Investment - Crypto,11905.46,0.00,2339141.10
2093,2023-04-29,2023-04-29 17:43,,Salary - Bonus,0.00,16080.99,2355222.09
2094,2023-04-30,2023-04-30 22:24,,Investment Returns - Stocks,0.00,10892.22,2366114.31
2095,2023-04-30,2023-04-30 07:17,,Fuel,121.02,0.00,2365993.29
2096,2023-05-02,2023-05-02 04:34,,Coffee Shop,29.82,0.00,2365963.47
2097,2023-05-04,2023-05-04 23:30,,Fuel,72.69,0.00,2365890.78
2098,2023-05-04,2023-05-04 01:12,,Freelance Income,0.00,4258.18,2370148.96
2099,2023-05-05,2023-05-05 14:43,,Dining - Casual Restaurant,73.40,0.00,2370075.56
2100,2023-05-05,2023-05-05 20:56,,Freelance Income,0.00,1040.07,2371115.63
2101,2023-05-06,2023-05-06 13:45,,Groceries - Online Delivery,307.16,0.00,2370808.47
2102,2023-05-06,2023-05-06 19:06,,Dining - Casual Restaurant,140.16,0.00,2370668.31
2103,2023-05-06,2023-05-06 15:13,,Dining - Casual Restaurant,220.00,0.00,2370448.31
2104,2023-05-08,2023-05-08 03:55,,Investment Returns - Crypto,0.00,1382.41,2371830.72
2105,2023-05-09,2023-05-09 22:05,,Groceries - Online Delivery,210.42,0.00,2371620.30
2106,2023-05-09,2023-05-09 11:19,,Rental Income,0.00,3539.65,2375159.95
2107,2023-05-09,2023-05-09 09:57,,Fuel,57.83,0.00,2375102.12
2108,2023-05-10,2023-05-10 19:34,,Coffee Shop,33.36,0.00,2375068.76
2109,2023-05-12,2023-05-12 12:09,,Loan EMI,2512.55,0.00,2372556.21
2110,2023-05-13,2023-05-13 15:44,,Cashback,0.00,75.57,2372631.78
2111,2023-05-14,2023-05-14 17:33,,Freelance Income,0.00,2585.32,2375217.10
2112,2023-05-15,2023-05-15 15:21,,Coffee Shop,13.05,0.00,2375204.05
2113,2023-05-17,2023-05-17 06:55,,Fuel,50.74,0.00,2375153.31
2114,2023-05-17,2023-05-17 20:58,,Groceries - Online Delivery,100.20,0.00,2375053.11
2115,2023-05-18,2023-05-18 11:24,,Salary - Regular,0.00,6374.65,2381427.76
2116,2023-05-18,2023-05-18 05:27,,Groceries - Online Delivery,186.04,0.00,2381241.72
2117,2023-05-18,2023-05-18 18:36,,Dividends,0.00,1009.03,2382250.75
2118,2023-05-18,2023-05-18 23:54,,Salary - Regular,0.00,3480.33,2385731.08
2119,2023-05-19,2023-05-19 08:46,,Healthcare - Regular,226.03,0.00,2385505.05
2120,2023-05-20,2023-05-20 12:25,,Salary - Regular,0.00,5015.69,2390520.74
2121,2023-05-21,2023-05-21 10:47,,Entertainment - Movies,153.05,0.00,2390367.69
2122,2023-05-21,2023-05-21 03:39,,Dining - Fine Dining,1215.70,0.00,2389151.99
2123,2023-05-22,2023-05-22 16:45,,Rental Income,0.00,3825.62,2392977.61
2124,2023-05-23,2023-05-23 08:18,,Dining - Casual Restaurant,117.62,0.00,2392859.99
2125,2023-05-23,2023-05-23 22:29,,Salary - Regular,0.00,5917.01,2398777.00
2126,2023-05-24,2023-05-24 23:07,,Dining - Casual Restaurant,91.40,0.00,2398685.60
2127,2023-05-25,2023-05-25 07:04,,Public Transport,11.22,0.00,2398674.38
2128,2023-05-25,2023-05-25 12:38,,Dining - Fine Dining,1084.06,0.00,2397590.32
2129,2023-05-25,2023-05-25 08:47,,Healthcare - Regular,230.11,0.00,2397360.21
2130,2023-05-26,2023-05-26 09:46,,Utilities - Water,135.64,0.00,2397224.57
2131,2023-05-27,2023-05-27 09:30,,Investment Returns - Stocks,0.00,5964.12,2403188.69
2132,2023-05-27,2023-05-27 17:47,,Groceries - Supermarket,622.24,0.00,2402566.45
2133,2023-05-27,2023-05-27 13:20,,Entertainment - Movies,75.29,0.00,2402491.16
2134,2023-05-28,2023-05-28 16:47,,Investment Returns - Crypto,0.00,2059.99,2404551.15
2135,2023-05-28,2023-05-28 12:32,,Dividends,0.00,1140.69,2405691.84
2136,2023-05-29,2023-05-29 17:41,,Rental Income,0.00,3514.17,2409206.01
2137,2023-05-30,2023-05-30 13:14,,Entertainment - Movies,65.30,0.00,2409140.71
2138,2023-05-30,2023-05-30 17:57,,Salary - Regular,0.00,3001.61,2412142.32
2139,2023-05-31,2023-05-31 11:51,,Groceries - Supermarket,223.44,0.00,2411918.88
2140,2023-06-01,2023-06-01 16:36,,Public Transport,2.56,0.00,2411916.32
2141,2023-06-01,2023-06-01 19:29,,Investment Returns - Crypto,0.00,413.40,2412329.72
2142,2023-06-01,2023-06-01 19:08,,Salary - Regular,0.00,2391.65,2414721.37
2143,2023-06-02,2023-06-02 23:45,,Entertainment - Movies,95.57,0.00,2414625.80
2144,2023-06-03,2023-06-03 07:18,,Utilities - Water,95.32,0.00,2414530.48
2145,2023-06-04,2023-06-04 22:17,,Fuel,65.42,0.00,2414465.06
2146,2023-06-04,2023-06-04 15:52,,Dining - Fine Dining,1272.75,0.00,2413192.31
2147,2023-06-04,2023-06-04 04:57,,Public Transport,7.37,0.00,2413184.94
2148,2023-06-05,2023-06-05 08:18,,Groceries - Online Delivery,87.68,0.00,2413097.26
2149,2023-06-05,2023-06-05 07:03,,Utilities - Water,71.21,0.00,2413026.05
2150,2023-06-05,2023-06-05 17:16,,Salary - Regular,0.00,3758.24,2416784.29
2151,2023-06-06,2023-06-06 10:27,,Groceries - Supermarket,172.45,0.00,2416611.84
2152,2023-06-06,2023-06-06 17:39,,Freelance Income,0.00,1122.06,2417733.90
2153,2023-06-07,2023-06-07 22:58,,Groceries - Online Delivery,107.35,0.00,2417626.55
2154,2023-06-08,2023-06-08 01:14,,Groceries - Online Delivery,113.37,0.00,2417513.18
2155,2023-06-09,2023-06-09 10:22,,Groceries - Online Delivery,211.58,0.00,2417301.60
2156,2023-06-09,2023-06-09 00:40,,Fuel,32.77,0.00,2417268.83
2157,2023-06-10,2023-06-10 20:33,,Dining - Casual Restaurant,73.10,0.00,2417195.73
2158,2023-06-11,2023-06-11 02:00,,Healthcare - Emergency,3295.54,0.00,2413900.19
2159,2023-06-12,2023-06-12 05:45,,Dining - Casual Restaurant,153.55,0.00,2413746.64
2160,2023-06-12,2023-06-12 03:14,,Freelance Income,0.00,952.24,2414698.88
2161,2023-06-13,2023-06-13 17:46,,Freelance Income,0.00,4669.55,2419368.43
2162,2023-06-16,2023-06-16 03:32,,Coffee Shop,15.06,0.00,2419353.37
2163,2023-06-16,2023-06-16 19:47,,Dining - Fine Dining,767.94,0.00,2418585.43
2164,2023-06-16,2023-06-16 06:55,,Dining - Casual Restaurant,101.36,0.00,2418484.07
2165,2023-06-17,2023-06-17 03:33,,Dining - Casual Restaurant,119.61,0.00,2418364.46
2166,2023-06-17,2023-06-17 15:02,,Dividends,0.00,1191.25,2419555.71
2167,2023-06-19,2023-06-19 12:08,,Investment - Crypto,740.89,0.00,2418814.82
2168,2023-06-19,2023-06-19 14:23,,Groceries - Supermarket,149.08,0.00,2418665.74
2169,2023-06-20,2023-06-20 08:22,,Salary - Regular,0.00,4460.02,2423125.76
2170,2023-06-21,2023-06-21 23:36,,Rental Income,0.00,1281.19,2424406.95
2171,2023-06-21,2023-06-21 08:39,,Salary - Regular,0.00,3370.86,2427777.81
2172,2023-06-22,2023-06-22 11:15,,Fuel,48.36,0.00,2427729.45
2173,2023-06-22,2023-06-22 10:27,,Salary - Regular,0.00,3125.29,2430854.74
2174,2023-06-23,2023-06-23 06:46,,Groceries - Online Delivery,133.97,0.00,2430720.77
2175,2023-06-23,2023-06-23 23:39,,Utilities - Electricity,235.84,0.00,2430484.93
2176,2023-06-25,2023-06-25 22:00,,Public Transport,3.56,0.00,2430481.37
2177,2023-06-26,2023-06-26 22:30,,Entertainment - Movies,29.50,0.00,2430451.87
2178,2023-06-27,2023-06-27 14:43,,Dividends,0.00,405.72,2430857.59
2179,2023-06-29,2023-06-29 08:27,,Groceries - Supermarket,72.85,0.00,2430784.74
2180,2023-06-29,2023-06-29 14:10,,Investment Returns - Stocks,0.00,1676.78,2432461.52
2181,2023-06-30,2023-06-30 16:53,,Groceries - Supermarket,138.78,0.00,2432322.74
2182,2023-07-01,2023-07-01 23:52,,Investment Returns - Crypto,0.00,1578.51,2433901.25
2183,2023-07-03,2023-07-03 13:05,,Coffee Shop,12.29,0.00,2433888.96
2184,2023-07-04,2023-07-04 07:22,,Dividends,0.00,559.35,2434448.31
2185,2023-07-04,2023-07-04 05:56,,Salary - Regular,0.00,5603.58,2440051.89
2186,2023-07-05,2023-07-05 09:37,,Dining - Fine Dining,615.01,0.00,2439436.88
2187,2023-07-06,2023-07-06 10:24,,Rental Income,0.00,1907.53,2441344.41
2188,2023-07-06,2023-07-06 21:37,,Loan EMI,1549.86,0.00,2439794.55
2189,2023-07-07,2023-07-07 21:40,,Entertainment - Concerts,180.35,0.00,2439614.20
2190,2023-07-08,2023-07-08 07:07,,Cashback,0.00,26.97,2439641.17
2191,2023-07-09,2023-07-09 19:50,,Utilities - Electricity,383.33,0.00,2439257.84
2192,2023-07-09,2023-07-09 08:32,,Loan EMI,3811.80,0.00,2435446.04
2193,2023-07-09,2023-07-09 04:01,,Dining - Casual Restaurant,102.79,0.00,2435343.25
2194,2023-07-09,2023-07-09 20:29,,Entertainment - Movies,65.61,0.00,2435277.64
2195,2023-07-10,2023-07-10 15:03,,Dividends,0.00,1210.24,2436487.88
2196,2023-07-11,2023-07-11 21:03,,Healthcare - Regular,108.29,0.00,2436379.59
2197,2023-07-11,2023-07-11 19:49,,Rental Income,0.00,3830.28,2440209.87
2198,2023-07-12,2023-07-12 03:12,,Freelance Income,0.00,990.95,2441200.82
2199,2023-07-13,2023-07-13 23:09,,Freelance Income,0.00,2278.14,2443478.96
2200,2023-07-13,2023-07-13 22:17,,Groceries - Supermarket,252.59,0.00,2443226.37
2201,2023-07-15,2023-07-15 13:12,,Public Transport,9.69,0.00,2443216.68
2202,2023-07-16,2023-07-16 03:33,,Dining - Fine Dining,782.24,0.00,2442434.44
2203,2023-07-16,2023-07-16 22:16,,Dining - Casual Restaurant,190.98,0.00,2442243.46
2204,2023-07-17,2023-07-17 03:06,,Groceries - Online Delivery,125.03,0.00,2442118.43
2205,2023-07-17,2023-07-17 02:07,,Salary - Regular,0.00,3131.94,2445250.37
2206,2023-07-18,2023-07-18 00:39,,Freelance Income,0.00,2653.36,2447903.73
2207,2023-07-18,2023-07-18 14:27,,Rental Income,0.00,2868.79,2450772.52
2208,2023-07-19,2023-07-19 19:10,,Healthcare - Regular,176.85,0.00,2450595.67
2209,2023-07-19,2023-07-19 10:03,,Dining - Casual Restaurant,149.97,0.00,2450445.70
2210,2023-07-19,2023-07-19 05:43,,Groceries - Supermarket,244.78,0.00,2450200.92
2211,2023-07-19,2023-07-19 01:59,,Utilities - Electricity,176.48,0.00,2450024.44
2212,2023-07-20,2023-07-20 17:39,,Salary - Regular,0.00,4626.94,2454651.38
2213,2023-07-20,2023-07-20 07:01,,Salary - Regular,0.00,5479.14,2460130.52
2214,2023-07-20,2023-07-20 15:29,,Groceries - Supermarket,70.31,0.00,2460060.21
2215,2023-07-21,2023-07-21 05:27,,Freelance Income,0.00,949.08,2461009.29
2216,2023-07-21,2023-07-21 10:47,,Salary - Regular,0.00,2589.73,2463599.02
2217,2023-07-21,2023-07-21 08:35,,Salary - Regular,0.00,4985.71,2468584.73
2218,2023-07-21,2023-07-21 11:45,,Groceries - Online Delivery,140.81,0.00,2468443.92
2219,2023-07-22,2023-07-22 05:06,,Dining - Casual Restaurant,69.14,0.00,2468374.78
2220,2023-07-23,2023-07-23 16:17,,Dining - Casual Restaurant,161.22,0.00,2468213.56
2221,2023-07-24,2023-07-24 22:53,,Salary - Regular,0.00,4906.68,2473120.24
2222,2023-07-24,2023-07-24 01:41,,Dining - Fine Dining,261.92,0.00,2472858.32
2223,2023-07-25,2023-07-25 12:35,,Entertainment - Movies,37.07,0.00,2472821.25
2224,2023-07-25,2023-07-25 06:44,,Salary - Regular,0.00,2815.73,2475636.98
2225,2023-07-26,2023-07-26 12:36,,Dividends,0.00,198.28,2475835.26
2226,2023-07-26,2023-07-26 04:08,,Entertainment - Concerts,320.53,0.00,2475514.73
2227,2023-07-27,2023-07-27 15:00,,Groceries - Online Delivery,136.06,0.00,2475378.67
2228,2023-07-28,2023-07-28 04:48,,Fuel,32.26,0.00,2475346.41
2229,2023-07-28,2023-07-28 04:15,,Groceries - Supermarket,198.14,0.00,2475148.27
2230,2023-07-28,2023-07-28 08:51,,Dividends,0.00,1276.04,2476424.31
2231,2023-07-29,2023-07-29 22:54,,Salary - Regular,0.00,2598.89,2479023.20
2232,2023-07-30,2023-07-30 00:53,,Groceries - Supermarket,81.66,0.00,2478941.54
2233,2023-07-31,2023-07-31 00:44,,Groceries - Online Delivery,88.31,0.00,2478853.23
2234,2023-07-31,2023-07-31 23:17,,Cashback,0.00,167.65,2479020.88
2235,2023-08-02,2023-08-02 03:32,,Coffee Shop,8.47,0.00,2479012.41
2236,2023-08-03,2023-08-03 18:57,,Groceries - Online Delivery,119.23,0.00,2478893.18
2237,2023-08-03,2023-08-03 08:25,,Cashback,0.00,458.58,2479351.76
2238,2023-08-03,2023-08-03 11:05,,Groceries - Supermarket,135.90,0.00,2479215.86
2239,2023-08-04,2023-08-04 03:50,,Investment - Crypto,4793.74,0.00,2474422.12
2240,2023-08-05,2023-08-05 09:13,,Salary - Regular,0.00,5650.66,2480072.78
2241,2023-08-06,2023-08-06 06:28,,Freelance Income,0.00,1707.12,2481779.90
2242,2023-08-06,2023-08-06 05:24,,Salary - Bonus,0.00,7051.57,2488831.47
2243,2023-08-06,2023-08-06 18:17,,Groceries - Supermarket,585.65,0.00,2488245.82
2244,2023-08-07,2023-08-07 10:16,,Investment - Stocks,7543.81,0.00,2480702.01
2245,2023-08-08,2023-08-08 03:21,,Groceries - Online Delivery,177.72,0.00,2480524.29
2246,2023-08-08,2023-08-08 14:41,,Dividends,0.00,503.85,2481028.14
2247,2023-08-10,2023-08-10 21:23,,Loan EMI,2930.06,0.00,2478098.08
2248,2023-08-10,2023-08-10 04:32,,Investment Returns - Crypto,0.00,2216.10,2480314.18
2249,2023-08-10,2023-08-10 04:45,,Salary - Regular,0.00,4377.20,2484691.38
2250,2023-08-10,2023-08-10 22:16,,Coffee Shop,9.29,0.00,2484682.09
2251,2023-08-11,2023-08-11 19:05,,Salary - Bonus,0.00,13334.20,2498016.29
2252,2023-08-12,2023-08-12 22:38,,Fuel,123.17,0.00,2497893.12
2253,2023-08-12,2023-08-12 07:24,,Utilities - Electricity,336.15,0.00,2497556.97
2254,2023-08-13,2023-08-13 23:46,,Salary - Regular,0.00,5760.14,2503317.11
2255,2023-08-14,2023-08-14 17:53,,Fuel,31.76,0.00,2503285.35
2256,2023-08-15,2023-08-15 23:13,,Salary - Bonus,0.00,18464.17,2521749.52
2257,2023-08-15,2023-08-15 06:48,,Dividends,0.00,805.92,2522555.44
2258,2023-08-16,2023-08-16 02:50,,Utilities - Water,170.52,0.00,2522384.92
2259,2023-08-17,2023-08-17 04:14,,Dining - Casual Restaurant,64.61,0.00,2522320.31
2260,2023-08-17,2023-08-17 05:19,,Loan EMI,2642.82,0.00,2519677.49
2261,2023-08-17,2023-08-17 11:16,,Loan EMI,1628.95,0.00,2518048.54
2262,2023-08-18,2023-08-18 03:14,,Entertainment - Movies,54.76,0.00,2517993.78
2263,2023-08-18,2023-08-18 09:19,,Loan EMI,3030.56,0.00,2514963.22
2264,2023-08-19,2023-08-19 02:40,,Salary - Regular,0.00,4073.32,2519036.54
2265,2023-08-20,2023-08-20 23:46,,Salary - Regular,0.00,5888.24,2524924.78
2266,2023-08-21,2023-08-21 15:47,,Dining - Casual Restaurant,78.03,0.00,2524846.75
2267,2023-08-21,2023-08-21 23:37,,Salary - Regular,0.00,7889.41,2532736.16
2268,2023-08-22,2023-08-22 21:26,,Utilities - Electricity,342.72,0.00,2532393.44
2269,2023-08-22,2023-08-22 02:58,,Coffee Shop,10.37,0.00,2532383.07
2270,2023-08-22,2023-08-22 10:12,,Dining - Fine Dining,381.77,0.00,2532001.30
2271,2023-08-22,2023-08-22 10:07,,Dining - Casual Restaurant,66.28,0.00,2531935.02
2272,2023-08-23,2023-08-23 07:10,,Fuel,86.71,0.00,2531848.31
2273,2023-08-24,2023-08-24 20:57,,Salary - Regular,0.00,7209.49,2539057.80
2274,2023-08-25,2023-08-25 18:01,,Coffee Shop,22.82,0.00,2539034.98
2275,2023-08-25,2023-08-25 04:10,,Utilities - Electricity,275.80,0.00,2538759.18
2276,2023-08-26,2023-08-26 10:57,,Groceries - Supermarket,212.05,0.00,2538547.13
2277,2023-08-26,2023-08-26 11:14,,Investment Returns - Stocks,0.00,596.03,2539143.16
2278,2023-08-27,2023-08-27 19:51,,Loan EMI,5955.85,0.00,2533187.31
2279,2023-08-29,2023-08-29 19:19,,Groceries - Supermarket,272.55,0.00,2532914.76
2280,2023-08-30,2023-08-30 14:30,,Groceries - Supermarket,350.94,0.00,2532563.82
2281,2023-08-31,2023-08-31 20:02,,Groceries - Online Delivery,143.35,0.00,2532420.47
2282,2023-09-01,2023-09-01 02:12,,Salary - Bonus,0.00,15744.35,2548164.82
2283,2023-09-01,2023-09-01 14:21,,Freelance Income,0.00,5614.54,2553779.36
2284,2023-09-02,2023-09-02 12:13,,Groceries - Supermarket,496.90,0.00,2553282.46
2285,2023-09-02,2023-09-02 03:59,,Freelance Income,0.00,4702.12,2557984.58
2286,2023-09-02,2023-09-02 12:51,,Salary - Regular,0.00,7192.14,2565176.72
2287,2023-09-03,2023-09-03 18:57,,Investment - Stocks,5976.64,0.00,2559200.08
2288,2023-09-03,2023-09-03 18:37,,Groceries - Online Delivery,171.61,0.00,2559028.47
2289,2023-09-04,2023-09-04 12:47,,Investment - Stocks,16093.04,0.00,2542935.43
2290,2023-09-04,2023-09-04 15:23,,Cashback,0.00,55.36,2542990.79
2291,2023-09-05,2023-09-05 00:10,,Freelance Income,0.00,1604.34,2544595.13
2292,2023-09-06,2023-09-06 13:28,,Healthcare - Regular,311.41,0.00,2544283.72
2293,2023-09-06,2023-09-06 18:25,,Investment - Stocks,13565.35,0.00,2530718.37
2294,2023-09-07,2023-09-07 00:16,,Groceries - Online Delivery,188.16,0.00,2530530.21
2295,2023-09-07,2023-09-07 02:13,,Investment Returns - Crypto,0.00,4842.70,2535372.91
2296,2023-09-08,2023-09-08 10:54,,Investment Returns - Stocks,0.00,207.00,2535579.91
2297,2023-09-09,2023-09-09 06:28,,Dining - Casual Restaurant,235.23,0.00,2535344.68
2298,2023-09-09,2023-09-09 10:26,,Groceries - Supermarket,394.66,0.00,2534950.02
2299,2023-09-10,2023-09-10 05:52,,Fuel,88.19,0.00,2534861.83
2300,2023-09-10,2023-09-10 15:14,,Salary - Regular,0.00,6726.29,2541588.12
2301,2023-09-11,2023-09-11 15:24,,Dining - Casual Restaurant,61.16,0.00,2541526.96
2302,2023-09-11,2023-09-11 21:21,,Groceries - Supermarket,370.72,0.00,2541156.24
2303,2023-09-12,2023-09-12 01:11,,Groceries - Supermarket,283.89,0.00,2540872.35
2304,2023-09-12,2023-09-12 15:15,,Loan EMI,1007.93,0.00,2539864.42
2305,2023-09-13,2023-09-13 14:07,,Freelance Income,0.00,1518.00,2541382.42
2306,2023-09-13,2023-09-13 08:34,,Dining - Casual Restaurant,147.79,0.00,2541234.63
2307,2023-09-13,2023-09-13 17:00,,Freelance Income,0.00,1331.40,2542566.03
2308,2023-09-13,2023-09-13 03:22,,Utilities - Water,125.06,0.00,2542440.97
2309,2023-09-14,2023-09-14 01:06,,Loan EMI,1549.25,0.00,2540891.72
2310,2023-09-15,2023-09-15 03:30,,Fuel,38.93,0.00,2540852.79
2311,2023-09-15,2023-09-15 15:36,,Investment - Stocks,2571.80,0.00,2538280.99
2312,2023-09-15,2023-09-15 20:46,,Dining - Casual Restaurant,183.93,0.00,2538097.06
2313,2023-09-16,2023-09-16 06:53,,Groceries - Supermarket,141.38,0.00,2537955.68
2314,2023-09-17,2023-09-17 06:54,,Public Transport,7.98,0.00,2537947.70
2315,2023-09-17,2023-09-17 06:33,,Coffee Shop,49.86,0.00,2537897.84
2316,2023-09-17,2023-09-17 23:36,,Salary - Bonus,0.00,13449.24,2551347.08
2317,2023-09-18,2023-09-18 23:23,,Fuel,114.69,0.00,2551232.39
2318,2023-09-19,2023-09-19 04:02,,Coffee Shop,13.04,0.00,2551219.35
2319,2023-09-21,2023-09-21 10:26,,Dining - Casual Restaurant,166.75,0.00,2551052.60
2320,2023-09-21,2023-09-21 20:04,,Groceries - Supermarket,74.84,0.00,2550977.76
2321,2023-09-22,2023-09-22 19:53,,Salary - Regular,0.00,3691.59,2554669.35
2322,2023-09-23,2023-09-23 16:23,,Utilities - Electricity,328.35,0.00,2554341.00
2323,2023-09-25,2023-09-25 23:52,,Fuel,72.80,0.00,2554268.20
2324,2023-09-25,2023-09-25 11:06,,Fuel,86.01,0.00,2554182.19
2325,2023-09-26,2023-09-26 06:49,,Public Transport,3.17,0.00,2554179.02
2326,2023-09-26,2023-09-26 04:30,,Dining - Casual Restaurant,126.96,0.00,2554052.06
2327,2023-09-28,2023-09-28 04:24,,Dining - Fine Dining,362.92,0.00,2553689.14
2328,2023-09-28,2023-09-28 17:18,,Salary - Regular,0.00,4418.46,2558107.60
2329,2023-09-28,2023-09-28 05:14,,Groceries - Online Delivery,152.69,0.00,2557954.91
2330,2023-09-29,2023-09-29 18:07,,Public Transport,5.23,0.00,2557949.68
2331,2023-09-29,2023-09-29 01:57,,Salary - Bonus,0.00,21053.11,2579002.79
2332,2023-09-29,2023-09-29 21:05,,Salary - Regular,0.00,6650.82,2585653.61
2333,2023-09-29,2023-09-29 05:22,,Salary - Regular,0.00,3070.07,2588723.68
2334,2023-09-30,2023-09-30 23:52,,Investment - Stocks,5670.87,0.00,2583052.81
2335,2023-10-01,2023-10-01 01:35,,Utilities - Water,371.82,0.00,2582680.99
2336,2023-10-01,2023-10-01 08:58,,Dining - Casual Restaurant,119.78,0.00,2582561.21
2337,2023-10-01,2023-10-01 09:28,,Coffee Shop,11.77,0.00,2582549.44
2338,2023-10-02,2023-10-02 17:08,,Freelance Income,0.00,1310.08,2583859.52
2339,2023-10-02,2023-10-02 16:05,,Rental Income,0.00,4137.60,2587997.12
2340,2023-10-02,2023-10-02 23:48,,Salary - Regular,0.00,3998.71,2591995.83
2341,2023-10-03,2023-10-03 09:59,,Groceries - Supermarket,321.02,0.00,2591674.81
2342,2023-10-03,2023-10-03 01:40,,Utilities - Water,169.87,0.00,2591504.94
2343,2023-10-04,2023-10-04 14:21,,Coffee Shop,14.43,0.00,2591490.51
2344,2023-10-05,2023-10-05 07:37,,Loan EMI,1458.74,0.00,2590031.77
2345,2023-10-05,2023-10-05 15:37,,Dining - Casual Restaurant,50.07,0.00,2589981.70
2346,2023-10-06,2023-10-06 05:08,,Dividends,0.00,856.88,2590838.58
2347,2023-10-07,2023-10-07 01:01,,Dining - Casual Restaurant,115.22,0.00,2590723.36
2348,2023-10-07,2023-10-07 02:42,,Salary - Regular,0.00,6032.00,2596755.36
2349,2023-10-08,2023-10-08 21:41,,Groceries - Supermarket,345.17,0.00,2596410.19
2350,2023-10-08,2023-10-08 17:14,,Groceries - Supermarket,145.06,0.00,2596265.13
2351,2023-10-08,2023-10-08 18:05,,Coffee Shop,37.30,0.00,2596227.83
2352,2023-10-09,2023-10-09 16:46,,Dining - Fine Dining,977.83,0.00,2595250.00
2353,2023-10-10,2023-10-10 00:46,,Utilities - Electricity,354.93,0.00,2594895.07
2354,2023-10-10,2023-10-10 03:39,,Coffee Shop,7.71,0.00,2594887.36
2355,2023-10-11,2023-10-11 17:20,,Investment Returns - Crypto,0.00,1129.47,2596016.83
2356,2023-10-11,2023-10-11 08:45,,Dining - Casual Restaurant,130.04,0.00,2595886.79
2357,2023-10-12,2023-10-12 07:21,,Freelance Income,0.00,1185.73,2597072.52
2358,2023-10-12,2023-10-12 15:27,,Salary - Bonus,0.00,10343.96,2607416.48
2359,2023-10-13,2023-10-13 07:06,,Public Transport,11.03,0.00,2607405.45
2360,2023-10-14,2023-10-14 19:31,,Utilities - Electricity,359.24,0.00,2607046.21
2361,2023-10-15,2023-10-15 02:21,,Public Transport,16.43,0.00,2607029.78
2362,2023-10-17,2023-10-17 12:09,,Rental Income,0.00,4328.12,2611357.90
2363,2023-10-18,2023-10-18 03:12,,Public Transport,2.85,0.00,2611355.05
2364,2023-10-18,2023-10-18 09:42,,Dividends,0.00,609.53,2611964.58
2365,2023-10-18,2023-10-18 02:12,,Fuel,82.17,0.00,2611882.41
2366,2023-10-19,2023-10-19 07:55,,Groceries - Supermarket,104.95,0.00,2611777.46
2367,2023-10-20,2023-10-20 05:18,,Entertainment - Movies,60.91,0.00,2611716.55
2368,2023-10-22,2023-10-22 10:15,,Salary - Regular,0.00,6472.81,2618189.36
2369,2023-10-23,2023-10-23 11:19,,Investment - Crypto,6938.57,0.00,2611250.79
2370,2023-10-24,2023-10-24 12:55,,Groceries - Online Delivery,154.10,0.00,2611096.69
2371,2023-10-24,2023-10-24 01:52,,Loan EMI,1077.08,0.00,2610019.61
2372,2023-10-25,2023-10-25 14:53,,Public Transport,13.75,0.00,2610005.86
2373,2023-10-26,2023-10-26 21:39,,Dining - Casual Restaurant,256.09,0.00,2609749.77
2374,2023-10-27,2023-10-27 17:23,,Coffee Shop,12.37,0.00,2609737.40
2375,2023-10-28,2023-10-28 06:54,,Utilities - Electricity,561.14,0.00,2609176.26
2376,2023-10-29,2023-10-29 21:37,,Utilities - Electricity,202.79,0.00,2608973.47
2377,2023-10-29,2023-10-29 19:52,,Fuel,185.66,0.00,2608787.81
2378,2023-10-30,2023-10-30 02:34,,Dining - Casual Restaurant,108.84,0.00,2608678.97
2379,2023-10-30,2023-10-30 10:23,,Dividends,0.00,1004.61,2609683.58
2380,2023-10-31,2023-10-31 11:36,,Utilities - Electricity,185.48,0.00,2609498.10
2381,2023-10-31,2023-10-31 20:22,,Utilities - Electricity,209.56,0.00,2609288.54
2382,2023-11-01,2023-11-01 01:41,,Dining - Fine Dining,1082.94,0.00,2608205.60
2383,2023-11-01,2023-11-01 04:03,,Utilities - Water,133.43,0.00,2608072.17
2384,2023-11-01,2023-11-01 02:57,,Groceries - Online Delivery,170.83,0.00,2607901.34
2385,2023-11-02,2023-11-02 21:21,,Rental Income,0.00,2296.67,2610198.01
2386,2023-11-03,2023-11-03 23:07,,Investment - Stocks,2234.01,0.00,2607964.00
2387,2023-11-04,2023-11-04 15:53,,Groceries - Online Delivery,280.78,0.00,2607683.22
2388,2023-11-04,2023-11-04 17:49,,Healthcare - Regular,312.13,0.00,2607371.09
2389,2023-11-05,2023-11-05 00:58,,Entertainment - Concerts,834.96,0.00,2606536.13
2390,2023-11-06,2023-11-06 00:27,,Dining - Fine Dining,1039.23,0.00,2605496.90
2391,2023-11-06,2023-11-06 22:29,,Groceries - Online Delivery,92.92,0.00,2605403.98
2392,2023-11-08,2023-11-08 09:11,,Healthcare - Emergency,4829.60,0.00,2600574.38
2393,2023-11-09,2023-11-09 13:10,,Investment Returns - Stocks,0.00,9327.72,2609902.10
2394,2023-11-11,2023-11-11 21:07,,Coffee Shop,22.61,0.00,2609879.49
2395,2023-11-11,2023-11-11 11:44,,Freelance Income,0.00,4271.49,2614150.98
2396,2023-11-11,2023-11-11 08:09,,Entertainment - Movies,35.79,0.00,2614115.19
2397,2023-11-12,2023-11-12 15:14,,Public Transport,26.46,0.00,2614088.73
2398,2023-11-12,2023-11-12 10:45,,Dividends,0.00,1481.68,2615570.41
2399,2023-11-12,2023-11-12 10:10,,Public Transport,30.89,0.00,2615539.52
2400,2023-11-13,2023-11-13 07:49,,Dining - Casual Restaurant,114.10,0.00,2615425.42
2401,2023-11-13,2023-11-13 17:42,,Fuel,52.72,0.00,2615372.70
2402,2023-11-13,2023-11-13 00:51,,Groceries - Supermarket,277.38,0.00,2615095.32
2403,2023-11-14,2023-11-14 13:02,,Coffee Shop,30.79,0.00,2615064.53
2404,2023-11-16,2023-11-16 00:25,,Investment Returns - Stocks,0.00,7353.68,2622418.21
2405,2023-11-16,2023-11-16 12:38,,Entertainment - Movies,63.06,0.00,2622355.15
2406,2023-11-16,2023-11-16 20:28,,Groceries - Online Delivery,284.86,0.00,2622070.29
2407,2023-11-17,2023-11-17 07:40,,Groceries - Supermarket,251.50,0.00,2621818.79
2408,2023-11-17,2023-11-17 17:06,,Loan EMI,3387.56,0.00,2618431.23
2409,2023-11-17,2023-11-17 08:08,,Utilities - Electricity,171.52,0.00,2618259.71
2410,2023-11-18,2023-11-18 21:03,,Entertainment - Movies,56.44,0.00,2618203.27
2411,2023-11-19,2023-11-19 03:36,,Freelance Income,0.00,1030.70,2619233.97
2412,2023-11-19,2023-11-19 07:09,,Investment Returns - Crypto,0.00,3196.63,2622430.60
2413,2023-11-19,2023-11-19 23:53,,Coffee Shop,39.59,0.00,2622391.01
2414,2023-11-20,2023-11-20 16:26,,Salary - Regular,0.00,6471.00,2628862.01
2415,2023-11-20,2023-11-20 05:05,,Fuel,47.00,0.00,2628815.01
2416,2023-11-21,2023-11-21 15:24,,Groceries - Online Delivery,106.84,0.00,2628708.17
2417,2023-11-22,2023-11-22 02:02,,Utilities - Electricity,260.16,0.00,2628448.01
2418,2023-11-22,2023-11-22 00:23,,Entertainment - Movies,54.26,0.00,2628393.75
2419,2023-11-22,2023-11-22 18:17,,Dining - Fine Dining,916.51,0.00,2627477.24
2420,2023-11-23,2023-11-23 14:36,,Salary - Bonus,0.00,9767.74,2637244.98
2421,2023-11-24,2023-11-24 10:51,,Rental Income,0.00,4208.31,2641453.29
2422,2023-11-24,2023-11-24 22:51,,Fuel,82.70,0.00,2641370.59
2423,2023-11-25,2023-11-25 16:49,,Dividends,0.00,583.91,2641954.50
2424,2023-11-26,2023-11-26 09:36,,Dividends,0.00,920.35,2642874.85
2425,2023-11-27,2023-11-27 14:04,,Entertainment - Concerts,388.24,0.00,2642486.61
2426,2023-11-27,2023-11-27 05:27,,Loan EMI,4293.23,0.00,2638193.38
2427,2023-11-27,2023-11-27 09:11,,Coffee Shop,11.93,0.00,2638181.45
2428,2023-11-27,2023-11-27 17:41,,Salary - Bonus,0.00,11041.88,2649223.33
2429,2023-11-28,2023-11-28 04:46,,Fuel,101.35,0.00,2649121.98
2430,2023-11-29,2023-11-29 12:34,,Public Transport,10.28,0.00,2649111.70
2431,2023-11-30,2023-11-30 17:10,,Dining - Casual Restaurant,48.07,0.00,2649063.63
2432,2023-11-30,2023-11-30 01:44,,Fuel,32.75,0.00,2649030.88
2433,2023-11-30,2023-11-30 21:51,,Dining - Casual Restaurant,62.63,0.00,2648968.25
2434,2023-12-01,2023-12-01 14:00,,Groceries - Supermarket,257.99,0.00,2648710.26
2435,2023-12-01,2023-12-01 20:17,,Loan EMI,2858.54,0.00,2645851.72
2436,2023-12-03,2023-12-03 02:59,,Fuel,133.94,0.00,2645717.78
2437,2023-12-04,2023-12-04 05:07,,Groceries - Online Delivery,232.09,0.00,2645485.69
2438,2023-12-04,2023-12-04 23:25,,Salary - Regular,0.00,11025.90,2656511.59
2439,2023-12-05,2023-12-05 06:11,,Utilities - Electricity,695.16,0.00,2655816.43
2440,2023-12-05,2023-12-05 14:39,,Coffee Shop,24.90,0.00,2655791.53
2441,2023-12-06,2023-12-06 11:03,,Investment Returns - Stocks,0.00,9514.55,2665306.08
2442,2023-12-06,2023-12-06 00:24,,Utilities - Electricity,569.73,0.00,2664736.35
2443,2023-12-06,2023-12-06 07:54,,Utilities - Electricity,376.55,0.00,2664359.80
2444,2023-12-06,2023-12-06 20:02,,Freelance Income,0.00,3573.19,2667932.99
2445,2023-12-07,2023-12-07 04:22,,Loan EMI,3754.33,0.00,2664178.66
2446,2023-12-07,2023-12-07 06:44,,Utilities - Electricity,236.36,0.00,2663942.30
2447,2023-12-08,2023-12-08 01:41,,Loan EMI,2016.61,0.00,2661925.69
2448,2023-12-08,2023-12-08 17:16,,Loan EMI,2292.26,0.00,2659633.43
2449,2023-12-10,2023-12-10 13:54,,Utilities - Electricity,570.93,0.00,2659062.50
2450,2023-12-10,2023-12-10 23:59,,Freelance Income,0.00,1767.10,2660829.60
2451,2023-12-10,2023-12-10 15:15,,Groceries - Online Delivery,407.39,0.00,2660422.21
2452,2023-12-11,2023-12-11 10:57,,Loan EMI,4353.13,0.00,2656069.08
2453,2023-12-11,2023-12-11 07:29,,Freelance Income,0.00,5481.52,2661550.60
2454,2023-12-11,2023-12-11 18:27,,Utilities - Electricity,156.96,0.00,2661393.64
2455,2023-12-11,2023-12-11 16:58,,Loan EMI,2506.79,0.00,2658886.85
2456,2023-12-12,2023-12-12 07:43,,Groceries - Online Delivery,377.30,0.00,2658509.55
2457,2023-12-12,2023-12-12 08:36,,Entertainment - Movies,118.97,0.00,2658390.58
2458,2023-12-12,2023-12-12 19:42,,Salary - Regular,0.00,11221.62,2669612.20
2459,2023-12-12,2023-12-12 23:12,,Entertainment - Concerts,706.38,0.00,2668905.82
2460,2023-12-13,2023-12-13 12:50,,Entertainment - Movies,44.97,0.00,2668860.85
2461,2023-12-13,2023-12-13 17:34,,Loan EMI,5080.77,0.00,2663780.08
2462,2023-12-13,2023-12-13 22:12,,Loan EMI,4573.58,0.00,2659206.50
2463,2023-12-14,2023-12-14 20:34,,Salary - Regular,0.00,7446.88,2666653.38
2464,2023-12-14,2023-12-14 10:59,,Rental Income,0.00,4756.30,2671409.68
2465,2023-12-15,2023-12-15 05:05,,Dining - Casual Restaurant,370.47,0.00,2671039.21
2466,2023-12-16,2023-12-16 13:07,,Fuel,281.08,0.00,2670758.13
2467,2023-12-18,2023-12-18 04:05,,Dining - Casual Restaurant,296.23,0.00,2670461.90
2468,2023-12-18,2023-12-18 08:37,,Dining - Casual Restaurant,126.43,0.00,2670335.47
2469,2023-12-19,2023-12-19 08:19,,Fuel,108.20,0.00,2670227.27
2470,2023-12-20,2023-12-20 05:52,,Entertainment - Movies,62.55,0.00,2670164.72
2471,2023-12-21,2023-12-21 14:11,,Groceries - Supermarket,371.18,0.00,2669793.54
2472,2023-12-22,2023-12-22 00:52,,Groceries - Online Delivery,273.51,0.00,2669520.03
2473,2023-12-23,2023-12-23 01:39,,Healthcare - Regular,414.55,0.00,2669105.48
2474,2023-12-23,2023-12-23 21:22,,Loan EMI,6699.77,0.00,2662405.71
2475,2023-12-24,2023-12-24 23:26,,Coffee Shop,51.24,0.00,2662354.47
2476,2023-12-24,2023-12-24 07:50,,Public Transport,44.65,0.00,2662309.82
2477,2023-12-24,2023-12-24 18:17,,Groceries - Online Delivery,255.20,0.00,2662054.62
2478,2023-12-24,2023-12-24 04:04,,Freelance Income,0.00,977.72,2663032.34
2479,2023-12-25,2023-12-25 03:00,,Dining - Casual Restaurant,266.00,0.00,2662766.34
2480,2023-12-25,2023-12-25 03:03,,Salary - Regular,0.00,10978.82,2673745.16
2481,2023-12-27,2023-12-27 12:05,,Salary - Bonus,0.00,35462.53,2709207.69
2482,2023-12-28,2023-12-28 08:34,,Utilities - Electricity,748.20,0.00,2708459.49
2483,2023-12-29,2023-12-29 00:32,,Dining - Casual Restaurant,249.23,0.00,2708210.26
2484,2023-12-29,2023-12-29 23:16,,Investment Returns - Stocks,0.00,1879.57,2710089.83
2485,2023-12-30,2023-12-30 10:10,,Salary - Regular,0.00,11084.05,2721173.88
2486,2023-12-31,2023-12-31 07:16,,Coffee Shop,27.77,0.00,2721146.11
